% This file was created with JabRef 2.7b.
% Encoding: UTF-8

@ARTICLE{airiau2011noise,
  author = {AIRIAU, Christophe},
  title = {Noise sensitivity in a 2D compressible boundary layer flow past a
	cavity},
  journal = {20{\`e}me Congr{\`e}s Fran{\c{c}}ais de M{\'e}canique, 28 ao{\^u}t/2
	sept. 2011-25044 Besan{\c{c}}on, France (FR)},
  year = {2011},
  volume = {n.a.},
  pages = {6},
  publisher = {AFM, Maison de la M{\'e}canique, 39/41 rue Louis Blanc, 92400 Courbevoie,
	France (FR)}
}

@ARTICLE{airiau2002boundary,
  author = {Airiau, Christophe and Walther, Steeve and Bottaro, Alessandro},
  title = {Boundary layer sensitivity and receptivity},
  journal = {Comptes Rendus Mecanique},
  year = {2002},
  volume = {330},
  pages = {259--265},
  number = {4},
  publisher = {Elsevier}
}

@ARTICLE{arthur2009piv,
  author = {Arthur, James K and Ruth, Douglas W and Tachie, Mark F},
  title = {PIV measurements of flow through a model porous medium with varying
	boundary conditions},
  journal = {Journal of Fluid Mechanics},
  year = {2009},
  volume = {629},
  pages = {343--374},
  publisher = {Cambridge Univ Press}
}

@ARTICLE{avramenko2005investigation,
  author = {Avramenko, AA and Kuznetsov, AV and Basok, BI and Blinov, DG},
  title = {Investigation of stability of a laminar flow in a parallel-plate
	channel filled with a fluid saturated porous medium},
  journal = {Physics of Fluids (1994-present)},
  year = {2005},
  volume = {17},
  pages = {094102},
  number = {9},
  publisher = {AIP Publishing}
}

@ARTICLE{battiato2014single,
  author = {Battiato, Ilenia and Rubol, Simonetta},
  title = {Single-parameter model of vegetated aquatic flows},
  journal = {Water Resources Research},
  year = {2014},
  volume = {50},
  pages = {6358--6369},
  number = {8}
}

@ARTICLE{beavers1967boundary,
  author = {Beavers, Gordon S and Joseph, Daniel D},
  title = {Boundary conditions at a naturally permeable wall},
  journal = {Journal of fluid mechanics},
  year = {1967},
  volume = {30},
  pages = {197--207},
  number = {01},
  publisher = {Cambridge Univ Press}
}

@ARTICLE{belcher2012wind,
  author = {Belcher, Stephen E and Harman, Ian N and Finnigan, John J},
  title = {The wind in the willows: flows in forest canopies in complex terrain},
  journal = {Annual Review of Fluid Mechanics},
  year = {2012},
  volume = {44},
  pages = {479--504},
  publisher = {Annual Reviews}
}

@ARTICLE{bottaro2003effect,
  author = {Bottaro, Alessandro and Corbett, Peter and Luchini, Paolo},
  title = {The effect of base flow variation on flow stability},
  journal = {Journal of Fluid Mechanics},
  year = {2003},
  volume = {476},
  pages = {293--302},
  publisher = {Cambridge Univ Press}
}



@INPROCEEDINGS{brucker2013separation,
  author = {Br{\"u}cker, Christoph and Weidner, Christoph},
  title = {Separation control via self-adaptive hairy flaplet arrays},
  booktitle = {Proc. Int. Symp. ERCOFTAC,‘‘Unsteady separation in fluid-structure
	interaction’’, Mykonos, Greece, June},
  year = {2013},
  pages = {17--21}
}

@TECHREPORT{canuto1988spectral,
  author = {Canuto, Claudio and Hussaini, M Yousuff and Quarteroni, Alfio and
	Zang, Thomas A},
  title = {Spectral methods in fluid dynamics},
  institution = {Springer},
  year = {1988}
}

@ARTICLE{chang2006instability,
  author = {Chang, Min-Hsing and Chen, Falin and Straughan, Brian},
  title = {Instability of Poiseuille flow in a fluid overlying a porous layer},
  journal = {Journal of Fluid Mechanics},
  year = {2006},
  volume = {564},
  pages = {287--303},
  publisher = {Cambridge Univ Press}
}

@BOOK{criminale2003theory,
  title = {Theory and computation of hydrodynamic stability},
  publisher = {Cambridge University Press},
  year = {2003},
  author = {Criminale, William O and Jackson, Thomas Luther and Joslin, Ronald
	Douglas}
}

@PHDTHESIS{d2011heat,
  author = {D'hueppe, Ali{\'e}nor},
  title = {Heat transfer modeling at an interface between a porous medium and
	a free region},
  school = {Ecole Centrale Paris},
  year = {2011}
}

@ARTICLE{davit2013homogenization,
  author = {Davit, Yohan and Bell, Christopher G and Byrne, Helen M and Chapman,
	Lloyd AC and Kimpton, Laura S and Lang, Georgina E and Leonard, Katherine
	HL and Oliver, James M and Pearson, Natalie C and Shipley, Rebecca
	J and others},
  title = {Homogenization via formal multiscale asymptotics and volume averaging:
	How do the two techniques compare?},
  journal = {Advances in Water Resources},
  year = {2013},
  volume = {62},
  pages = {178--206},
  publisher = {Elsevier}
}

@ARTICLE{de2008effects,
  author = {De Langre, Emmanuel},
  title = {Effects of wind on plants},
  journal = {Annu. Rev. Fluid Mech.},
  year = {2008},
  volume = {40},
  pages = {141--168},
  publisher = {Annual Reviews}
}

@BOOK{de2012turbulence,
  title = {Turbulence in porous media: modeling and applications},
  publisher = {Elsevier},
  year = {2012},
  author = {De Lemos, Marcelo JS}
}

@ARTICLE{doare2006role,
  author = {Doar{\'e}, Olivier and De Langre, Emmanuel},
  title = {The role of boundary conditions in the instability of one-dimensional
	systems},
  journal = {European Journal of Mechanics-B/Fluids},
  year = {2006},
  volume = {25},
  pages = {948--959},
  number = {6},
  publisher = {Elsevier}
}

@ARTICLE{doare2004effect,
  author = {Doar{\'e}, O and Moulia, B and De Langre, Emmanuel},
  title = {Effect of plant interaction on wind-induced crop motion},
  journal = {Journal of biomechanical engineering},
  year = {2004},
  volume = {126},
  pages = {146--151},
  number = {2},
  publisher = {American Society of Mechanical Engineers}
}

@ARTICLE{dupont2010modelling,
  author = {Dupont, S and Gosselin, F and Py, C and De Langre, Emmanuel and Hemon,
	Pascal and Brunet, Y},
  title = {Modelling waving crops using large-eddy simulation: comparison with
	experiments and a linear stability analysis},
  journal = {Journal of Fluid Mechanics},
  year = {2010},
  volume = {652},
  pages = {5--44},
  publisher = {Cambridge Univ Press}
}





@ARTICLE{ghisalberti2006structure,
  author = {Ghisalberti, Marco and Nepf, Heidi},
  title = {The structure of the shear layer in flows over rigid and flexible
	canopies},
  journal = {Environmental Fluid Mechanics},
  year = {2006},
  volume = {6},
  pages = {277--301},
  number = {3},
  publisher = {Springer}
}




@ARTICLE{ghisalberti2013vortex,
  author = {Ghisalberti, Marco and Schlosser, Tamara},
  title = {Vortex generation in oscillatory canopy flow},
  journal = {Journal of Geophysical Research: Oceans},
  year = {2013},
  volume = {118},
  pages = {1534--1542},
  number = {3},
  publisher = {Wiley Online Library}
}

@PHDTHESIS{ghisalberti2005momentum,
  author = {Ghisalberti, Marco Marco Andrea},
  title = {Momentum and scalar transport in vegetated shear flows},
  school = {Massachusetts Institute of Technology},
  year = {2005}
}

@ARTICLE{goharzadeh2005transition,
  author = {Goharzadeh, Afshin and Khalili, Arzhang and J{\o}rgensen, Bo Barker},
  title = {Transition layer thickness at a fluid-porous interface},
  journal = {Physics of Fluids (1994-present)},
  year = {2005},
  volume = {17},
  pages = {057102},
  number = {5},
  publisher = {AIP Publishing}
}

@ARTICLE{gosselin2009destabilising,
  author = {Gosselin, F and De Langre, Emmanuel},
  title = {Destabilising effects of plant flexibility in air and aquatic vegetation
	canopy flows},
  journal = {European Journal of Mechanics-B/Fluids},
  year = {2009},
  volume = {28},
  pages = {271--282},
  number = {2},
  publisher = {Elsevier}
}

@ARTICLE{gosselin2011drag,
  author = {Gosselin, Fr{\'e}d{\'e}rick P and De Langre, Emmanuel},
  title = {Drag reduction by reconfiguration of a poroelastic system},
  journal = {Journal of Fluids and Structures},
  year = {2011},
  volume = {27},
  pages = {1111--1123},
  number = {7},
  publisher = {Elsevier}
}

@ARTICLE{guaus2009effects,
  author = {Guaus, Anais and Airiau, Christophe and Bottaro, Alessandro and Kourta,
	Azeddine},
  title = {Effects of wall compliance on the linear stability of Taylor--Couette
	flow},
  journal = {Journal of Fluid Mechanics},
  year = {2009},
  volume = {630},
  pages = {331--365},
  publisher = {Cambridge Univ Press}
}

@ARTICLE{hoffmann2004application,
  author = {Hoffmann, Marc R},
  title = {Application of a simple space-time averaged porous media model to
	flow in densely vegetated channels},
  journal = {Journal of Porous Media},
  year = {2004},
  volume = {7},
  pages = {8},
  number = {3},
  publisher = {Begel House Inc.}
}

@ARTICLE{hussong2011continuum,
  author = {Hussong, Jeanette and Breugem, Wim-Paul and Westerweel, Jerry},
  title = {A continuum model for flow induced by metachronal coordination between
	beating cilia},
  journal = {Journal of Fluid Mechanics},
  year = {2011},
  volume = {684},
  pages = {137--162},
  publisher = {Cambridge Univ Press}
}

@ARTICLE{james2001flow,
  author = {James, David F and Davis, Anthony MJ},
  title = {Flow at the interface of a model fibrous porous medium},
  journal = {Journal of Fluid Mechanics},
  year = {2001},
  volume = {426},
  pages = {47--72},
  publisher = {Cambridge Univ Press}
}


@MISC{Johnson2007,
  author = {Steven G. Johnson},
  title = {Notes on Adjoint Methods for 18.336},
  month = {October},
  year = {2007},
  publisher = {MIT OpenCourseWare}
}

@ARTICLE{juniper2014modal,
  author = {Juniper, Matthew P and Hanifi, Ardeshir and Theofilis, Vassilios},
  title = {Modal Stability TheoryLecture notes from the FLOW-NORDITA Summer
	School on Advanced Instability Methods for Complex Flows, Stockholm,
	Sweden, 2013},
  journal = {Applied Mechanics Reviews},
  year = {2014},
  volume = {66},
  pages = {024804},
  number = {2},
  publisher = {American Society of Mechanical Engineers}
}

@BOOK{kozeny1927kapillare,
  title = {{\"U}ber kapillare Leitung des Wassers im Boden:(Aufstieg, Versickerung
	und Anwendung auf die Bew{\"a}sserung)},
  publisher = {H{\"o}lder-Pichler-Tempsky},
  year = {1927},
  author = {Kozeny, Josef}
}

@ARTICLE{layton2002coupling,
  author = {Layton, William J and Schieweck, Friedhelm and Yotov, Ivan},
  title = {Coupling fluid flow with porous media flow},
  journal = {SIAM Journal on Numerical Analysis},
  year = {2002},
  volume = {40},
  pages = {2195--2218},
  number = {6},
  publisher = {SIAM}
}

@ARTICLE{liu2008instability,
  author = {Liu, Rong and Liu, Qiu Sheng and Zhao, Si Cheng},
  title = {Instability of plane Poiseuille flow in a fluid-porous system},
  journal = {Physics of Fluids (1994-present)},
  year = {2008},
  volume = {20},
  pages = {104105},
  number = {10},
  publisher = {AIP Publishing}
}

@ARTICLE{luchini2014adjoint,
  author = {Luchini, Paolo and Bottaro, Alessandro},
  title = {Adjoint equations in stability analysis},
  journal = {Annual Review of fluid mechanics},
  year = {2014},
  volume = {46},
  pages = {493},
  number = {1}
}

@ARTICLE{luchini2014adjointSuppl,
  author = {Luchini, Paolo and Bottaro, Alessandro},
  title = {An Introduction to Adjoint Problems},
  journal = {Supplemental Material: Annual Review of fluid mechanics},
  year = {2014},
  volume = {46},
  pages = {25},
  number = {1}
}

@ARTICLE{luhar2015framework,
  author = {Luhar, Mitul and Sharma, Ati S and McKeon, BJ},
  title = {A framework for studying the effect of compliant surfaces on wall
	turbulence},
  journal = {Journal of Fluid Mechanics},
  year = {2015},
  volume = {768},
  pages = {415--441},
  publisher = {Cambridge Univ Press}
}

@ARTICLE{lopez2001mean,
  author = {L{\'o}pez, Fabi{\'a}n and Garc{\'\i}a, Marcelo H},
  title = {Mean flow and turbulence structure of open-channel flow through non-emergent
	vegetation},
  journal = {Journal of Hydraulic Engineering},
  year = {2001},
  volume = {127},
  pages = {392--402},
  number = {5},
  publisher = {American Society of Civil Engineers}
}

@INPROCEEDINGS{mahadevan2009elastohydrodynamics,
  author = {Mahadevan, Lakshminarayanan and Gopinath, Arvind},
  title = {Elastohydrodynamics of wet bristles, carpets and brushes},
  booktitle = {APS Division of Fluid Dynamics Meeting Abstracts},
  year = {2009},
  volume = {1}
}

@ARTICLE{mattis2015immersed,
  author = {Mattis, Steven A and Dawson, Clint N and Kees, Christopher E and
	Farthing, Matthew W},
  title = {An immersed structure approach for fluid-vegetation interaction},
  journal = {Advances in Water Resources},
  year = {2015},
  volume = {80},
  pages = {1--16},
  publisher = {Elsevier}
}

@ARTICLE{maza2013coupled,
  author = {Maza, Maria and Lara, Javier L and Losada, Inigo J},
  title = {A coupled model of submerged vegetation under oscillatory flow using
	Navier--Stokes equations},
  journal = {Coastal Engineering},
  year = {2013},
  volume = {80},
  pages = {16--34},
  publisher = {Elsevier}
}



@ARTICLE{nepf2012flow,
  author = {Nepf, Heidi M},
  title = {Flow and transport in regions with aquatic vegetation},
  journal = {Annual Review of Fluid Mechanics},
  year = {2012},
  volume = {44},
  pages = {123--142},
  publisher = {Annual Reviews}
}

@ARTICLE{pluvinage2014instabilities,
  author = {Pluvinage, Franck and Kourta, Azeddine and Bottaro, Alessandro},
  title = {Instabilities in the boundary layer over a permeable, compliant wall},
  journal = {Physics of Fluids (1994-present)},
  year = {2014},
  volume = {26},
  pages = {084103},
  number = {8},
  publisher = {AIP Publishing}
}

@MISC{Pralits20012,
  author = {Jan O. Pralits},
  title = {ADVANCED FLUID DYNAMICS},
  month = {May},
  year = {2012},
  publisher = {University of Genoa}
}

@ARTICLE{py2006frequency,
  author = {Py, Charlotte and De Langre, Emmanuel and Moulia, Bruno},
  title = {A frequency lock-in mechanism in the interaction between wind and
	crop canopies},
  journal = {Journal of Fluid Mechanics},
  year = {2006},
  volume = {568},
  pages = {425--449},
  publisher = {Cambridge Univ Press}
}

@ARTICLE{reed1996linear,
  author = {Reed, Helen L and Saric, William S and Arnal, Daniel},
  title = {Linear stability theory applied to boundary layers},
  journal = {Annual review of fluid mechanics},
  year = {1996},
  volume = {28},
  pages = {389--428},
  number = {1},
  publisher = {Annual Reviews 4139 El Camino Way, PO Box 10139, Palo Alto, CA 94303-0139,
	USA}
}

@ARTICLE{schmid2007nonmodal,
  author = {Schmid, Peter J},
  title = {Nonmodal stability theory},
  journal = {Annu. Rev. Fluid Mech.},
  year = {2007},
  volume = {39},
  pages = {129--162},
  publisher = {Annual Reviews}
}

@ARTICLE{schmid2014analysis,
  author = {Schmid, Peter J and Brandt, Luca},
  title = {Analysis of Fluid Systems: Stability, Receptivity, SensitivityLecture
	notes from the FLOW-NORDITA Summer School on Advanced Instability
	Methods for Complex Flows, Stockholm, Sweden, 2013},
  journal = {Applied Mechanics Reviews},
  year = {2014},
  volume = {66},
  pages = {024803},
  number = {2},
  publisher = {American Society of Mechanical Engineers}
}

@BOOK{schmid2012stability,
  title = {Stability and transition in shear flows},
  publisher = {Springer Science \& Business Media},
  year = {2012},
  author = {Schmid, Peter J and Henningson, Dan S},
  volume = {142}
}

@ARTICLE{segalini2013scaling,
  author = {Segalini, Antonio and Fransson, Jens HM and Alfredsson, P Henrik},
  title = {Scaling laws in canopy flows: a wind-tunnel analysis},
  journal = {Boundary-layer meteorology},
  year = {2013},
  volume = {148},
  pages = {269--283},
  number = {2},
  publisher = {Springer}
}

@ARTICLE{singh2014monami,
  author = {Singh, Ravi and Mandre, Shreyas and Bandi, MM and Mahadevan, Amala},
  title = {Monami as an oscillatory hydrodynamic instability in a submerged
	sea grass bed},
  journal = {arXiv preprint arXiv:1411.0365},
  year = {2014},
  volume = {n.a.},
  pages = {13}
}

@ARTICLE{soulaine2014use,
  author = {Soulaine, Cyprien and Quintard, Michel},
  title = {On the use of a Darcy--Forchheimer like model for a macro-scale description
	of turbulence in porous media and its application to structured packings},
  journal = {International Journal of Heat and Mass Transfer},
  year = {2014},
  volume = {74},
  pages = {88--100},
  publisher = {Elsevier}
}

@ARTICLE{stewart2009local,
  author = {Stewart, Peter S and Waters, Sarah L and Jensen, Oliver E},
  title = {Local and global instabilities of flow in a flexible-walled channel},
  journal = {European Journal of Mechanics-B/Fluids},
  year = {2009},
  volume = {28},
  pages = {541--557},
  number = {4},
  publisher = {Elsevier}
}

@ARTICLE{tilton2008linear,
  author = {Tilton, Nils and Cortelezzi, Luca},
  title = {Linear stability analysis of pressure-driven flows in channels with
	porous walls},
  journal = {Journal of Fluid Mechanics},
  year = {2008},
  volume = {604},
  pages = {411--445},
  publisher = {Cambridge Univ Press}
}

@ARTICLE{tortorelli1994design,
  author = {Tortorelli, Daniel A and Michaleris, Panagiotis},
  title = {Design sensitivity analysis: overview and review},
  journal = {Inverse problems in Engineering},
  year = {1994},
  volume = {1},
  pages = {71--105},
  number = {1},
  publisher = {Taylor \& Francis}
}

@PHDTHESIS{venkataramanflow,
  author = {Venkataraman, D},
  title = {Flow control using a porous, compliant coating of feather-like actuators},
  school = {Ph. D thesis (Department of Civil, Chemical and Environmental Engineering,
	University of Genova, Italy)},
  year = {2013}
}



@ARTICLE{venkataraman2014minimal,
  author = {Venkataraman, Divya and Bottaro, Alessandro and Govindarajan, Rama},
  title = {A minimal model for flow control on an aerofoil using a poro-elastic
	coating},
  journal = {Journal of Fluids and Structures},
  year = {2014},
  volume = {47},
  pages = {150--164},
  publisher = {Elsevier}
}

@BOOK{whitaker1999method,
  title = {The method of volume averaging},
  publisher = {Springer Science \& Business Media},
  year = {1999},
  author = {Whitaker, Stephen},
  volume = {13}
}


@ARTICLE{whitaker1986flow,
  author = {Whitaker, Stephen},
  title = {Flow in porous media I: A theoretical derivation of Darcy's law},
  journal = {Transport in porous media},
  year = {1986},
  volume = {1},
  pages = {3--25},
  number = {1},
  publisher = {Springer}
}

@ARTICLE{whitaker1986flow2,
  author = {Whitaker, Stephen},
  title = {Flow in porous media III: deformable media},
  journal = {Transport in Porous Media},
  year = {1986},
  volume = {1},
  pages = {127--154},
  number = {2},
  publisher = {Springer}
}

@ARTICLE{white2007shear,
  author = {White, Brian L and Nepf, Heidi M},
  title = {Shear instability and coherent structures in shallow flow adjacent
	to a porous layer},
  journal = {Journal of Fluid Mechanics},
  year = {2007},
  volume = {593},
  pages = {1--32},
  publisher = {Cambridge Univ Press}
}

@ARTICLE{wiplier2001absolute,
  author = {Wiplier, Olivier and Ehrenstein, Uwe},
  title = {On the absolute instability in a boundary-layer flow with compliant
	coatings},
  journal = {European Journal of Mechanics-B/Fluids},
  year = {2001},
  volume = {20},
  pages = {127--144},
  number = {1},
  publisher = {Elsevier}
}

@ARTICLE{yazdchi2012towards,
  author = {Yazdchi, K and Luding, S},
  title = {Towards unified drag laws for inertial flow through fibrous materials},
  journal = {Chemical engineering journal},
  year = {2012},
  volume = {207},
  pages = {35--48},
  publisher = {Elsevier}
}

@ARTICLE{yue2007large,
  author = {Yue, Wusi and Parlange, Marc B and Meneveau, Charles and Zhu, Weihong
	and van Hout, Ren{\'e} and Katz, Joseph},
  title = {Large-eddy simulation of plant canopy flows using plant-scale representation},
  journal = {Boundary-layer meteorology},
  year = {2007},
  volume = {124},
  pages = {183--203},
  number = {2},
  publisher = {Springer}
}

@ARTICLE{zampognafluid,
  author = {Zampogna, Giuseppe A and Bottaro, Alessandro},
  title = {Fluid flow over and through a regular bundle of rigid fibres},
  journal = {Journal of Fluid Mechanics (Under consideration)},
  year = {2015},
  volume = {n.a.},
  pages = {n.a.}
}





