% This file was created with JabRef 2.7b.
% Encoding: UTF-8

@ARTICLE{airiau2011noise,
  author = {AIRIAU, Christophe},
  title = {Noise sensitivity in a 2D compressible boundary layer flow past a
	cavity},
  journal = {20{\`e}me Congr{\`e}s Fran{\c{c}}ais de M{\'e}canique, 28 ao{\^u}t/2
	sept. 2011-25044 Besan{\c{c}}on, France (FR)},
  year = {2011},
  volume = {n.a.},
  pages = {6},
  publisher = {AFM, Maison de la M{\'e}canique, 39/41 rue Louis Blanc, 92400 Courbevoie,
	France (FR)}
}

@ARTICLE{airiau2002boundary,
  author = {Airiau, Christophe and Walther, Steeve and Bottaro, Alessandro},
  title = {Boundary layer sensitivity and receptivity},
  journal = {Comptes Rendus Mecanique},
  year = {2002},
  volume = {330},
  pages = {259--265},
  number = {4},
  publisher = {Elsevier}
}

@ARTICLE{arthur2009piv,
  author = {Arthur, James K and Ruth, Douglas W and Tachie, Mark F},
  title = {PIV measurements of flow through a model porous medium with varying
	boundary conditions},
  journal = {Journal of Fluid Mechanics},
  year = {2009},
  volume = {629},
  pages = {343--374},
  publisher = {Cambridge Univ Press}
}

@ARTICLE{avramenko2005investigation,
  author = {Avramenko, AA and Kuznetsov, AV and Basok, BI and Blinov, DG},
  title = {Investigation of stability of a laminar flow in a parallel-plate
	channel filled with a fluid saturated porous medium},
  journal = {Physics of Fluids (1994-present)},
  year = {2005},
  volume = {17},
  pages = {094102},
  number = {9},
  publisher = {AIP Publishing}
}

@ARTICLE{battiato2014single,
  author = {Battiato, Ilenia and Rubol, Simonetta},
  title = {Single-parameter model of vegetated aquatic flows},
  journal = {Water Resources Research},
  year = {2014},
  volume = {50},
  pages = {6358--6369},
  number = {8}
}

@ARTICLE{beavers1967boundary,
  author = {Beavers, Gordon S and Joseph, Daniel D},
  title = {Boundary conditions at a naturally permeable wall},
  journal = {Journal of fluid mechanics},
  year = {1967},
  volume = {30},
  pages = {197--207},
  number = {01},
  publisher = {Cambridge Univ Press}
}

@ARTICLE{belcher2012wind,
  author = {Belcher, Stephen E and Harman, Ian N and Finnigan, John J},
  title = {The wind in the willows: flows in forest canopies in complex terrain},
  journal = {Annual Review of Fluid Mechanics},
  year = {2012},
  volume = {44},
  pages = {479--504},
  publisher = {Annual Reviews}
}

@ARTICLE{bottaro2003effect,
  author = {Bottaro, Alessandro and Corbett, Peter and Luchini, Paolo},
  title = {The effect of base flow variation on flow stability},
  journal = {Journal of Fluid Mechanics},
  year = {2003},
  volume = {476},
  pages = {293--302},
  publisher = {Cambridge Univ Press}
}



@INPROCEEDINGS{brucker2013separation,
  author = {Br{\"u}cker, Christoph and Weidner, Christoph},
  title = {Separation control via self-adaptive hairy flaplet arrays},
  booktitle = {Proc. Int. Symp. ERCOFTAC,‘‘Unsteady separation in fluid-structure
	interaction’’, Mykonos, Greece, June},
  year = {2013},
  pages = {17--21}
}

@TECHREPORT{canuto1988spectral,
  author = {Canuto, Claudio and Hussaini, M Yousuff and Quarteroni, Alfio and
	Zang, Thomas A},
  title = {Spectral methods in fluid dynamics},
  institution = {Springer},
  year = {1988}
}

@ARTICLE{chang2006instability,
  author = {Chang, Min-Hsing and Chen, Falin and Straughan, Brian},
  title = {Instability of Poiseuille flow in a fluid overlying a porous layer},
  journal = {Journal of Fluid Mechanics},
  year = {2006},
  volume = {564},
  pages = {287--303},
  publisher = {Cambridge Univ Press}
}

@BOOK{criminale2003theory,
  title = {Theory and computation of hydrodynamic stability},
  publisher = {Cambridge University Press},
  year = {2003},
  author = {Criminale, William O and Jackson, Thomas Luther and Joslin, Ronald
	Douglas}
}

@PHDTHESIS{d2011heat,
  author = {D'hueppe, Ali{\'e}nor},
  title = {Heat transfer modeling at an interface between a porous medium and
	a free region},
  school = {Ecole Centrale Paris},
  year = {2011}
}

@ARTICLE{davit2013homogenization,
  author = {Davit, Yohan and Bell, Christopher G and Byrne, Helen M and Chapman,
	Lloyd AC and Kimpton, Laura S and Lang, Georgina E and Leonard, Katherine
	HL and Oliver, James M and Pearson, Natalie C and Shipley, Rebecca
	J and others},
  title = {Homogenization via formal multiscale asymptotics and volume averaging:
	How do the two techniques compare?},
  journal = {Advances in Water Resources},
  year = {2013},
  volume = {62},
  pages = {178--206},
  publisher = {Elsevier}
}

@ARTICLE{de2008effects,
  author = {De Langre, Emmanuel},
  title = {Effects of wind on plants},
  journal = {Annu. Rev. Fluid Mech.},
  year = {2008},
  volume = {40},
  pages = {141--168},
  publisher = {Annual Reviews}
}

@BOOK{de2012turbulence,
  title = {Turbulence in porous media: modeling and applications},
  publisher = {Elsevier},
  year = {2012},
  author = {De Lemos, Marcelo JS}
}

@ARTICLE{doare2006role,
  author = {Doar{\'e}, Olivier and De Langre, Emmanuel},
  title = {The role of boundary conditions in the instability of one-dimensional
	systems},
  journal = {European Journal of Mechanics-B/Fluids},
  year = {2006},
  volume = {25},
  pages = {948--959},
  number = {6},
  publisher = {Elsevier}
}



@ARTICLE{ghisalberti2006structure,
  author = {Ghisalberti, Marco and Nepf, Heidi},
  title = {The structure of the shear layer in flows over rigid and flexible
	canopies},
  journal = {Environmental Fluid Mechanics},
  year = {2006},
  volume = {6},
  pages = {277--301},
  number = {3},
  publisher = {Springer}
}




@ARTICLE{ghisalberti2013vortex,
  author = {Ghisalberti, Marco and Schlosser, Tamara},
  title = {Vortex generation in oscillatory canopy flow},
  journal = {Journal of Geophysical Research: Oceans},
  year = {2013},
  volume = {118},
  pages = {1534--1542},
  number = {3},
  publisher = {Wiley Online Library}
}

@PHDTHESIS{ghisalberti2005momentum,
  author = {Ghisalberti, Marco Marco Andrea},
  title = {Momentum and scalar transport in vegetated shear flows},
  school = {Massachusetts Institute of Technology},
  year = {2005}
}

@ARTICLE{goharzadeh2005transition,
  author = {Goharzadeh, Afshin and Khalili, Arzhang and J{\o}rgensen, Bo Barker},
  title = {Transition layer thickness at a fluid-porous interface},
  journal = {Physics of Fluids (1994-present)},
  year = {2005},
  volume = {17},
  pages = {057102},
  number = {5},
  publisher = {AIP Publishing}
}

@ARTICLE{gosselin2009destabilising,
  author = {Gosselin, F and De Langre, Emmanuel},
  title = {Destabilising effects of plant flexibility in air and aquatic vegetation
	canopy flows},
  journal = {European Journal of Mechanics-B/Fluids},
  year = {2009},
  volume = {28},
  pages = {271--282},
  number = {2},
  publisher = {Elsevier}
}

@ARTICLE{gosselin2011drag,
  author = {Gosselin, Fr{\'e}d{\'e}rick P and De Langre, Emmanuel},
  title = {Drag reduction by reconfiguration of a poroelastic system},
  journal = {Journal of Fluids and Structures},
  year = {2011},
  volume = {27},
  pages = {1111--1123},
  number = {7},
  publisher = {Elsevier}
}

@ARTICLE{guaus2009effects,
  author = {Guaus, Anais and Airiau, Christophe and Bottaro, Alessandro and Kourta,
	Azeddine},
  title = {Effects of wall compliance on the linear stability of Taylor--Couette
	flow},
  journal = {Journal of Fluid Mechanics},
  year = {2009},
  volume = {630},
  pages = {331--365},
  publisher = {Cambridge Univ Press}
}

@ARTICLE{hoffmann2004application,
  author = {Hoffmann, Marc R},
  title = {Application of a simple space-time averaged porous media model to
	flow in densely vegetated channels},
  journal = {Journal of Porous Media},
  year = {2004},
  volume = {7},
  pages = {8},
  number = {3},
  publisher = {Begel House Inc.}
}

@ARTICLE{hussong2011continuum,
  author = {Hussong, Jeanette and Breugem, Wim-Paul and Westerweel, Jerry},
  title = {A continuum model for flow induced by metachronal coordination between
	beating cilia},
  journal = {Journal of Fluid Mechanics},
  year = {2011},
  volume = {684},
  pages = {137--162},
  publisher = {Cambridge Univ Press}
}

@ARTICLE{james2001flow,
  author = {James, David F and Davis, Anthony MJ},
  title = {Flow at the interface of a model fibrous porous medium},
  journal = {Journal of Fluid Mechanics},
  year = {2001},
  volume = {426},
  pages = {47--72},
  publisher = {Cambridge Univ Press}
}


@MISC{Johnson2007,
  author = {Steven G. Johnson},
  title = {Notes on Adjoint Methods for 18.336},
  month = {October},
  year = {2007},
  publisher = {MIT OpenCourseWare}
}

@ARTICLE{juniper2014modal,
  author = {Juniper, Matthew P and Hanifi, Ardeshir and Theofilis, Vassilios},
  title = {Modal Stability TheoryLecture notes from the FLOW-NORDITA Summer
	School on Advanced Instability Methods for Complex Flows, Stockholm,
	Sweden, 2013},
  journal = {Applied Mechanics Reviews},
  year = {2014},
  volume = {66},
  pages = {024804},
  number = {2},
  publisher = {American Society of Mechanical Engineers}
}

@BOOK{kozeny1927kapillare,
  title = {{\"U}ber kapillare Leitung des Wassers im Boden:(Aufstieg, Versickerung
	und Anwendung auf die Bew{\"a}sserung)},
  publisher = {H{\"o}lder-Pichler-Tempsky},
  year = {1927},
  author = {Kozeny, Josef}
}

@ARTICLE{layton2002coupling,
  author = {Layton, William J and Schieweck, Friedhelm and Yotov, Ivan},
  title = {Coupling fluid flow with porous media flow},
  journal = {SIAM Journal on Numerical Analysis},
  year = {2002},
  volume = {40},
  pages = {2195--2218},
  number = {6},
  publisher = {SIAM}
}

@ARTICLE{liu2008instability,
  author = {Liu, Rong and Liu, Qiu Sheng and Zhao, Si Cheng},
  title = {Instability of plane Poiseuille flow in a fluid-porous system},
  journal = {Physics of Fluids (1994-present)},
  year = {2008},
  volume = {20},
  pages = {104105},
  number = {10},
  publisher = {AIP Publishing}
}

@ARTICLE{luchini2014adjoint,
  author = {Luchini, Paolo and Bottaro, Alessandro},
  title = {Adjoint equations in stability analysis},
  journal = {Annual Review of fluid mechanics},
  year = {2014},
  volume = {46},
  pages = {493},
  number = {1}
}

@ARTICLE{luchini2014adjointSuppl,
  author = {Luchini, Paolo and Bottaro, Alessandro},
  title = {An Introduction to Adjoint Problems},
  journal = {Supplemental Material: Annual Review of fluid mechanics},
  year = {2014},
  volume = {46},
  pages = {25},
  number = {1}
}

@ARTICLE{luhar2015framework,
  author = {Luhar, Mitul and Sharma, Ati S and McKeon, BJ},
  title = {A framework for studying the effect of compliant surfaces on wall
	turbulence},
  journal = {Journal of Fluid Mechanics},
  year = {2015},
  volume = {768},
  pages = {415--441},
  publisher = {Cambridge Univ Press}
}

@ARTICLE{lopez2001mean,
  author = {L{\'o}pez, Fabi{\'a}n and Garc{\'\i}a, Marcelo H},
  title = {Mean flow and turbulence structure of open-channel flow through non-emergent
	vegetation},
  journal = {Journal of Hydraulic Engineering},
  year = {2001},
  volume = {127},
  pages = {392--402},
  number = {5},
  publisher = {American Society of Civil Engineers}
}

@INPROCEEDINGS{mahadevan2009elastohydrodynamics,
  author = {Mahadevan, Lakshminarayanan and Gopinath, Arvind},
  title = {Elastohydrodynamics of wet bristles, carpets and brushes},
  booktitle = {APS Division of Fluid Dynamics Meeting Abstracts},
  year = {2009},
  volume = {1}
}

@ARTICLE{mattis2015immersed,
  author = {Mattis, Steven A and Dawson, Clint N and Kees, Christopher E and
	Farthing, Matthew W},
  title = {An immersed structure approach for fluid-vegetation interaction},
  journal = {Advances in Water Resources},
  year = {2015},
  volume = {80},
  pages = {1--16},
  publisher = {Elsevier}
}

@ARTICLE{maza2013coupled,
  author = {Maza, Maria and Lara, Javier L and Losada, Inigo J},
  title = {A coupled model of submerged vegetation under oscillatory flow using
	Navier--Stokes equations},
  journal = {Coastal Engineering},
  year = {2013},
  volume = {80},
  pages = {16--34},
  publisher = {Elsevier}
}


@ARTICLE{pluvinage2014instabilities,
  author = {Pluvinage, Franck and Kourta, Azeddine and Bottaro, Alessandro},
  title = {Instabilities in the boundary layer over a permeable, compliant wall},
  journal = {Physics of Fluids (1994-present)},
  year = {2014},
  volume = {26},
  pages = {084103},
  number = {8},
  publisher = {AIP Publishing}
}

@MISC{Pralits20012,
  author = {Jan O. Pralits},
  title = {ADVANCED FLUID DYNAMICS},
  month = {May},
  year = {2012},
  publisher = {University of Genoa}
}

@ARTICLE{py2006frequency,
  author = {Py, Charlotte and De Langre, Emmanuel and Moulia, Bruno},
  title = {A frequency lock-in mechanism in the interaction between wind and
	crop canopies},
  journal = {Journal of Fluid Mechanics},
  year = {2006},
  volume = {568},
  pages = {425--449},
  publisher = {Cambridge Univ Press}
}

@ARTICLE{reed1996linear,
  author = {Reed, Helen L and Saric, William S and Arnal, Daniel},
  title = {Linear stability theory applied to boundary layers},
  journal = {Annual review of fluid mechanics},
  year = {1996},
  volume = {28},
  pages = {389--428},
  number = {1},
  publisher = {Annual Reviews 4139 El Camino Way, PO Box 10139, Palo Alto, CA 94303-0139,
	USA}
}

@ARTICLE{schmid2007nonmodal,
  author = {Schmid, Peter J},
  title = {Nonmodal stability theory},
  journal = {Annu. Rev. Fluid Mech.},
  year = {2007},
  volume = {39},
  pages = {129--162},
  publisher = {Annual Reviews}
}

@ARTICLE{schmid2014analysis,
  author = {Schmid, Peter J and Brandt, Luca},
  title = {Analysis of Fluid Systems: Stability, Receptivity, SensitivityLecture
	notes from the FLOW-NORDITA Summer School on Advanced Instability
	Methods for Complex Flows, Stockholm, Sweden, 2013},
  journal = {Applied Mechanics Reviews},
  year = {2014},
  volume = {66},
  pages = {024803},
  number = {2},
  publisher = {American Society of Mechanical Engineers}
}

@BOOK{schmid2012stability,
  title = {Stability and transition in shear flows},
  publisher = {Springer Science \& Business Media},
  year = {2012},
  author = {Schmid, Peter J and Henningson, Dan S},
  volume = {142}
}

@ARTICLE{segalini2013scaling,
  author = {Segalini, Antonio and Fransson, Jens HM and Alfredsson, P Henrik},
  title = {Scaling laws in canopy flows: a wind-tunnel analysis},
  journal = {Boundary-layer meteorology},
  year = {2013},
  volume = {148},
  pages = {269--283},
  number = {2},
  publisher = {Springer}
}



@ARTICLE{soulaine2014use,
  author = {Soulaine, Cyprien and Quintard, Michel},
  title = {On the use of a Darcy--Forchheimer like model for a macro-scale description
	of turbulence in porous media and its application to structured packings},
  journal = {International Journal of Heat and Mass Transfer},
  year = {2014},
  volume = {74},
  pages = {88--100},
  publisher = {Elsevier}
}

@ARTICLE{stewart2009local,
  author = {Stewart, Peter S and Waters, Sarah L and Jensen, Oliver E},
  title = {Local and global instabilities of flow in a flexible-walled channel},
  journal = {European Journal of Mechanics-B/Fluids},
  year = {2009},
  volume = {28},
  pages = {541--557},
  number = {4},
  publisher = {Elsevier}
}

@ARTICLE{tilton2008linear,
  author = {Tilton, Nils and Cortelezzi, Luca},
  title = {Linear stability analysis of pressure-driven flows in channels with
	porous walls},
  journal = {Journal of Fluid Mechanics},
  year = {2008},
  volume = {604},
  pages = {411--445},
  publisher = {Cambridge Univ Press}
}

@ARTICLE{tortorelli1994design,
  author = {Tortorelli, Daniel A and Michaleris, Panagiotis},
  title = {Design sensitivity analysis: overview and review},
  journal = {Inverse problems in Engineering},
  year = {1994},
  volume = {1},
  pages = {71--105},
  number = {1},
  publisher = {Taylor \& Francis}
}

@PHDTHESIS{venkataramanflow,
  author = {Venkataraman, D},
  title = {Flow control using a porous, compliant coating of feather-like actuators},
  school = {Ph. D thesis (Department of Civil, Chemical and Environmental Engineering,
	University of Genova, Italy)},
  year = {2013}
}



@ARTICLE{venkataraman2014minimal,
  author = {Venkataraman, Divya and Bottaro, Alessandro and Govindarajan, Rama},
  title = {A minimal model for flow control on an aerofoil using a poro-elastic
	coating},
  journal = {Journal of Fluids and Structures},
  year = {2014},
  volume = {47},
  pages = {150--164},
  publisher = {Elsevier}
}

@BOOK{whitaker1999method,
  title = {The method of volume averaging},
  publisher = {Springer Science \& Business Media},
  year = {1999},
  author = {Whitaker, Stephen},
  volume = {13}
}


@ARTICLE{whitaker1986flow,
  author = {Whitaker, Stephen},
  title = {Flow in porous media I: A theoretical derivation of Darcy's law},
  journal = {Transport in porous media},
  year = {1986},
  volume = {1},
  pages = {3--25},
  number = {1},
  publisher = {Springer}
}

@ARTICLE{whitaker1986flow2,
  author = {Whitaker, Stephen},
  title = {Flow in porous media III: deformable media},
  journal = {Transport in Porous Media},
  year = {1986},
  volume = {1},
  pages = {127--154},
  number = {2},
  publisher = {Springer}
}

@ARTICLE{white2007shear,
  author = {White, Brian L and Nepf, Heidi M},
  title = {Shear instability and coherent structures in shallow flow adjacent
	to a porous layer},
  journal = {Journal of Fluid Mechanics},
  year = {2007},
  volume = {593},
  pages = {1--32},
  publisher = {Cambridge Univ Press}
}

@ARTICLE{wiplier2001absolute,
  author = {Wiplier, Olivier and Ehrenstein, Uwe},
  title = {On the absolute instability in a boundary-layer flow with compliant
	coatings},
  journal = {European Journal of Mechanics-B/Fluids},
  year = {2001},
  volume = {20},
  pages = {127--144},
  number = {1},
  publisher = {Elsevier}
}

@ARTICLE{yazdchi2012towards,
  author = {Yazdchi, K and Luding, S},
  title = {Towards unified drag laws for inertial flow through fibrous materials},
  journal = {Chemical engineering journal},
  year = {2012},
  volume = {207},
  pages = {35--48},
  publisher = {Elsevier}
}

@ARTICLE{yue2007large,
  author = {Yue, Wusi and Parlange, Marc B and Meneveau, Charles and Zhu, Weihong
	and van Hout, Ren{\'e} and Katz, Joseph},
  title = {Large-eddy simulation of plant canopy flows using plant-scale representation},
  journal = {Boundary-layer meteorology},
  year = {2007},
  volume = {124},
  pages = {183--203},
  number = {2},
  publisher = {Springer}
}

@ARTICLE{zampognafluid,
  author = {Zampogna, Giuseppe A and Bottaro, Alessandro},
  title = {Fluid flow over and through a regular bundle of rigid fibres},
  journal = {Journal of Fluid Mechanics (Under consideration)},
  year = {2015},
  volume = {n.a.},
  pages = {n.a.}
}





%%%%%%%%%%%%%%%%%%%%%%%%%%%%%%%%%%%%%%%%%%%%%%%%%%%%%%%%%%%%%%%%%%%%%%%%%%%%%%%%%%%%
%                        CHAPTER 1
%%%%%%%%%%%%%%%%%%%%%%%%%%%%%%%%%%%%%%%%%%%%%%%%%%%%%%%%%%%%%%%%%%%%%%%%%%%%%%%%%%%%

@article{lilley1998,
  title={A study of the silent flight of the owl},
  author={Lilley, Geoffrey M},
  journal={AIAA paper},
  volume={2340},
  number={1998},
  pages={l--6},
  year={1998}
}

@article{jaworski2013aerodynamic,
  title={Aerodynamic noise from a poroelastic edge with implications for the silent flight of owls},
  author={Jaworski, Justin W and Peake, N},
  journal={Journal of Fluid Mechanics},
  volume={723},
  pages={456--479},
  year={2013},
  publisher={Cambridge University Press}
}

@article{motta2012Shark,
author = {Motta, Philip and Habegger, Maria and Lang, Amy and Hueter, Robert and Davis, Jessica},
year = {2012},
month = {10},
pages = {},
title = {Scale morphology and flexibility in the shortfin mako Isurus oxyrinchus and the blacktip shark Carcharhinus limbatus},
volume = {273},
journal  = {Journal of morphology}
}


@article{lang2014SharkControl,
author = {Lang, Amy and T Bradshaw, Michael and A Smith, Jonathon and N Wheelus, Jennifer and Motta, Philip and Habegger, Maria and E Hueter, Robert},
year = {2014},
month = {07},
pages = {036017},
title = {Movable shark scales act as a passive dynamic micro-roughness to control flow separation},
volume = {9},
journal  = {Bioinspiration \& Biomimetics}
}

@article {Martin2016riblets,
	author = {Martin, Samuel and Bhushan, Bharat},
	title = {Discovery of riblets in a bird beak (Rynchops) for low fluid drag},
	volume = {374},
	number = {2073},
	year = {2016},
	doi = {10.1098/rsta.2016.0134},
	publisher = {The Royal Society},
	issn = {1364-503X},
	journal = {Philosophical Transactions of the Royal Society of London A: Mathematical, Physical and Engineering Sciences}
}


@article{stratakis2009laser,
  title={Laser structuring of water-repellent biomimetic surfaces},
  author={Stratakis, Emmanuel and Zorba, Vassilia and Barberoglou, Marios and Spanakis, Emmanuel and Rhizopoulou, Sophia and Tzanetakis, Panagiotis and Anastasiadis, Spiros and Fotakis, Costas},
  journal={SPIE Newsroom},
  volume={10},
  number={2.1200901},
  pages={1441},
  year={2009}
}


@article {Oeffner785,
	author = {Oeffner, Johannes and Lauder, George V.},
	title = {The hydrodynamic function of shark skin and two biomimetic applications},
	volume = {215},
	number = {5},
	pages = {785--795},
	year = {2012},
	doi = {10.1242/jeb.063040},
	publisher = {The Company of Biologists Ltd},
	issn = {0022-0949},
	journal = {Journal of Experimental Biology}
}

@article{srygley2002unconventional,
  title={Unconventional lift-generating mechanisms in free-flying butterflies},
  author={Srygley, RB and Thomas, ALR},
  journal={Nature},
  volume={420},
  number={6916},
  pages={660},
  year={2002},
  publisher={Nature Publishing Group}
}

  	
@article{rao2017owl,
author={Chen, Rao and Teruaki, Ikeda and Toshiyuki, Nakata and Hao, Liu},
title={Owl-inspired leading-edge serrations play a crucial role in aerodynamic force production and sound suppression},
journal={Bioinspiration \& Biomimetics},
volume={12},
number={4},
pages={046008},
year={2017}
}
	
@book{bhushan2016biomimetics,
  title={Biomimetics: bioinspired hierarchical-structured surfaces for green science and technology},
  author={Bhushan, Bharat},
  year={2016},
  publisher={Springer}
}

@book{tropea2012nature,
  title={Nature-Inspired Fluid Mechanics: Results of the DFG Priority Programme 1207” Nature-inspired Fluid Mechanics” 2006-2012},
  author={Tropea, Cameron and Bleckmann, Horst},
  volume={119},
  year={2012},
  publisher={Springer Science \& Business Media}
}

@article{bottaro2014superhydrophobic,
  title={Superhydrophobic surfaces for drag reduction},
  author={Bottaro, Alessandro},
  journal={Istituto Lombardo-Accademia di Scienze e Lettere-Rendiconti di Scienze},
  volume={148},
  year={2014}
}

@book{mclean2012understanding,
  title={Understanding aerodynamics: arguing from the real physics},
  author={McLean, Doug},
  year={2012},
  publisher={John Wiley \& Sons}
}

@article{dean2010shark,
  title={Shark-skin surfaces for fluid-drag reduction in turbulent flow: a review},
  author={Dean, Brian and Bhushan, Bharat},
  journal={Philosophical Transactions of the Royal Society of London A: Mathematical, Physical and Engineering Sciences},
  volume={368},
  number={1929},
  pages={4775--4806},
  year={2010},
  publisher={The Royal Society}
}

@article{choi1993direct,
  title={Direct numerical simulation of turbulent flow over riblets},
  author={Choi, Haecheon and Moin, Parviz and Kim, John},
  journal={Journal of fluid mechanics},
  volume={255},
  pages={503--539},
  year={1993},
  publisher={Cambridge University Press}
}

@article{bechert1997experiments,
  title={Experiments on drag-reducing surfaces and their optimization with an adjustable geometry},
  author={Bechert, DW and Bruse, M and Hage, W vd and Van der Hoeven, JG Th and Hoppe, G},
  journal={Journal of fluid mechanics},
  volume={338},
  pages={59--87},
  year={1997},
  publisher={Cambridge University Press}
}

@article{luchini1991resistance,
  title={Resistance of a grooved surface to parallel flow and cross-flow},
  author={Luchini, Paolo and Manzo, Fernando and Pozzi, Amilcare},
  journal={Journal of fluid mechanics},
  volume={228},
  pages={87--109},
  year={1991},
  publisher={Cambridge University Press}
}

@article{boomsma2016direct,
  title={Direct numerical simulation of sharkskin denticles in turbulent channel flow},
  author={Boomsma, A and Sotiropoulos, F},
  journal={Physics of Fluids},
  volume={28},
  number={3},
  pages={035106},
  year={2016},
  publisher={AIP Publishing}
}

@article{garcia2011drag,
  title={Drag reduction by riblets},
  author={Garc{\'\i}a-Mayoral, Ricardo and Jim{\'e}nez, Javier},
  journal={Philosophical Transactions of the Royal Society of London A: Mathematical, Physical and Engineering Sciences},
  volume={369},
  number={1940},
  pages={1412--1427},
  year={2011},
  publisher={The Royal Society}
}

@article{itoh2006turbulent,
  title={Turbulent drag reduction by the seal fur surface},
  author={Itoh, Motoyuki and Tamano, Shinji and Iguchi, Ryo and Yokota, Kazuhiko and Akino, Norio and Hino, Ryutaro and Kubo, Shinji},
  journal={Physics of Fluids},
  volume={18},
  number={6},
  pages={065102},
  year={2006},
  publisher={AIP}
}

@article{garcia2011hydrodynamic,
  title={Hydrodynamic stability and breakdown of the viscous regime over riblets},
  author={Garc{\'\i}a-Mayoral, Ricardo and Jim{\'e}nez, Javier},
  journal={Journal of Fluid Mechanics},
  volume={678},
  pages={317--347},
  year={2011},
  publisher={Cambridge University Press}
}

@article{slegers2017beneficial,
  title={Beneficial aerodynamic effect of wing scales on the climbing flight of butterflies},
  author={Slegers, Nathan and Heilman, Michael and Cranford, Jacob and Lang, Amy and Yoder, John and Habegger, Maria Laura},
  journal={Bioinspiration \& biomimetics},
  volume={12},
  number={1},
  pages={016013},
  year={2017},
  publisher={IOP Publishing}
}

@article{bechert1997natural,
  title={Biological surfaces and their technological application—laboratory and flight experiments on drag reduction and separation control},
  author={Bechert, DW and Bruse, M and Hage, W and Meyer, R},
  journal={AIAA paper},
  volume={1960},
  year={1997}
}

@article{carpenter1990status,
  title={Status of transition delay using compliant walls},
  author={Carpenter, Peter W},
  journal={Viscous drag reduction in boundary layers},
  volume={123},
  pages={79--113},
  year={1990},
  publisher={Progress in Astronautics and Aeronautics, A/AA}
}

@article{bushnell1977effect,
  title={Effect of compliant wall motion on turbulent boundary layers},
  author={Bushnell, Dennis M and Hefner, Jerry N and Ash, Robert L},
  journal={The Physics of Fluids},
  volume={20},
  number={10},
  pages={S31--S48},
  year={1977},
  publisher={AIP}
}

@article{klausmann2017drag,
  title={Drag reduction of circular cylinders by porous coating on the leeward side},
  author={Klausmann, Katharina and Ruck, Bodo},
  journal={Journal of Fluid Mechanics},
  volume={813},
  pages={382--411},
  year={2017},
  publisher={Cambridge University Press}
}

@article{bruneau2008numerical,
  title={Numerical modelling and passive flow control using porous media},
  author={Bruneau, Charles-Henri and Mortazavi, Iraj},
  journal={Computers \& Fluids},
  volume={37},
  number={5},
  pages={488--498},
  year={2008},
  publisher={Elsevier}
}

@article{naito2012numerical,
  title={Numerical simulation of flow around a circular cylinder having porous surface},
  author={Naito, Hiroshi and Fukagata, Koji},
  journal={Physics of Fluids},
  volume={24},
  number={11},
  pages={117102},
  year={2012},
  publisher={AIP}
}

@article{bhattacharyya2011reduction,
  title={Reduction in drag and vortex shedding frequency through porous sheath around a circular cylinder},
  author={Bhattacharyya, S and Singh, AK},
  journal={International Journal for Numerical Methods in Fluids},
  volume={65},
  number={6},
  pages={683--698},
  year={2011},
  publisher={Wiley Online Library}
}

@article{venkataraman2012numerical,
  title={Numerical modeling of flow control on a symmetric aerofoil via a porous, compliant coating},
  author={Venkataraman, Divya and Bottaro, Alessandro},
  journal={Physics of Fluids},
  volume={24},
  number={9},
  pages={093601},
  year={2012},
  publisher={AIP}
}

@article{bruneau2010coupling,
  title={Coupling active and passive techniques to control the flow past the square back Ahmed body},
  author={Bruneau, Charles-Henri and Creus{\'e}, Emmanuel and Depeyras, Delphine and Gilli{\'e}ron, Patrick and Mortazavi, Iraj},
  journal={Computers \& Fluids},
  volume={39},
  number={10},
  pages={1875--1892},
  year={2010},
  publisher={Elsevier}
}

@article{favier2009passive,
  title={Passive separation control using a self-adaptive hairy coating},
  author={Favier, Julien and Dauptain, Antoine and Basso, Davide and Bottaro, Alessandro},
  journal={Journal of Fluid Mechanics},
  volume={627},
  pages={451--483},
  year={2009},
  publisher={Cambridge University Press}
}


@article{favier2017pelskin,
  title={The PELskin project—part I: fluid--structure interaction for a row of flexible flaps: a reference study in oscillating channel flow},
  author={Favier, Julien and Li, Cuicui and Kamps, Laura and Revell, Alistair and O’Connor, Joseph and Br{\"u}cker, Christoph},
  journal={Meccanica},
  volume={52},
  number={8},
  pages={1767--1780},
  year={2017},
  publisher={Springer}
}

@article{rosti2017pelskin,
  title={The PELskin project-part V: towards the control of the flow around aerofoils at high angle of attack using a self-activated deployable flap},
  author={Rosti, Marco E and Kamps, Laura and Bruecker, Christoph and Omidyeganeh, Mohammad and Pinelli, Alfredo},
  journal={Meccanica},
  volume={52},
  number={8},
  pages={1811--1824},
  year={2017},
  publisher={Springer}
}

@article{revell2017pelskin,
  title={The PELskin project: part II—investigating the physical coupling between flexible filaments in an oscillating flow},
  author={Revell, Alistair and O’Connor, Joseph and Sarkar, Abhishek and Li, Cuicui and Favier, Julien and Kamps, Laura and Br{\"u}cker, Christoph},
  journal={Meccanica},
  volume={52},
  number={8},
  pages={1781--1795},
  year={2017},
  publisher={Springer}
}

@article{pinelli2017pelskin,
  title={The PELskin project: part IV—control of bluff body wakes using hairy filaments},
  author={Pinelli, Alfredo and Omidyeganeh, Mohammad and Br{\"u}cker, Christoph and Revell, Alistair and Sarkar, Abhishek and Alinovi, Edoardo},
  journal={Meccanica},
  volume={52},
  number={7},
  pages={1503--1514},
  year={2017},
  publisher={Springer}
}

@article{heenan1998passive,
  title={Passive control of pressure fluctuations generated by separated flow},
  author={Heenan, AF and Morrison, JF},
  journal={AIAA journal},
  volume={36},
  number={6},
  pages={1014--1022},
  year={1998}
}

@article{jimenez2001turbulent,
  title={Turbulent shear flow over active and passive porous surfaces},
  author={Jimenez, Javier and Uhlmann, Markus and Pinelli, Alfredo and Kawahara, Genta},
  journal={Journal of Fluid Mechanics},
  volume={442},
  pages={89--117},
  year={2001},
  publisher={Cambridge University Press}
}

@article{breugem2006influence,
  title={The influence of wall permeability on turbulent channel flow},
  author={Breugem, WP and Boersma, BJ and Uittenbogaard, RE},
  journal={Journal of Fluid Mechanics},
  volume={562},
  pages={35--72},
  year={2006},
  publisher={Cambridge University Press}
}

@inproceedings{segura2017permeable,
  title={Turbulent drag reduction by anisotropic permeable coatings},
  author={Gomez-de-Segura, G. and Sharma, A. and Garcia-Mayoral, R.},
  booktitle={$10^{th}$ International Symposium on Turbulence and Shear Flow Phenomena},
  year={2017}
}

@article{bruneau2004passive,
  title={Passive control of the flow around a square cylinder using porous media},
  author={Bruneau, Charles-Henri and Mortazavi, Iraj},
  journal={International Journal for Numerical Methods in Fluids},
  volume={46},
  number={4},
  pages={415--433},
  year={2004},
  publisher={Wiley Online Library}
}

@article{angot1999penalization,
  title={A penalization method to take into account obstacles in incompressible viscous flows},
  author={Angot, Philippe and Bruneau, Charles-Henri and Fabrie, Pierre},
  journal={Numerische Mathematik},
  volume={81},
  number={4},
  pages={497--520},
  year={1999},
  publisher={Springer}
}

@article{caltagirone1994interaction,
  title={Sur l'int{\'e}raction fluide-milieu poreux; application au calcul des efforts exerc{\'e}s sur un obstacle par un fluide visqueux},
  author={Caltagirone, J-P},
  journal={Comptes rendus de l'Acad{\'e}mie des sciences. S{\'e}rie II, M{\'e}canique, physique, chimie, astronomie},
  volume={318},
  number={5},
  pages={571--577},
  year={1994},
  publisher={Elsevier}
}

@article{mimeau2017passive,
  title={Passive control of the flow around a hemisphere using porous media},
  author={Mimeau, Chlo{\'e} and Mortazavi, Iraj and Cottet, G-H},
  journal={European Journal of Mechanics-B/Fluids},
  volume={65},
  pages={213--226},
  year={2017},
  publisher={Elsevier}
}

@article{zampogna2017new,
  title={sfera 3d porosa},
  author={giuseppe ...},
  journal={JFM},
  year={2017}
}

@article{zhang2011exchange,
  title={Exchange flow between open water and floating vegetation},
  author={Zhang, Xueyan and Nepf, Heidi M},
  journal={Environmental fluid mechanics},
  volume={11},
  number={5},
  pages={531--546},
  year={2011},
  publisher={Springer}
}

@inproceedings{segalini2011experimental,
  title={An experimental analysis of canopy flows},
  author={Segalini, Antonio and Fransson, Jens HM and Alfredsson, P Henrik},
  booktitle={Journal of Physics: Conference Series},
  volume={318},
  number={7},
  pages={072018},
  year={2011},
  organization={IOP Publishing}
}

@article{marjoribanks2017does,
  title={Does the canopy mixing layer model apply to highly flexible aquatic vegetation? Insights from numerical modelling},
  author={Marjoribanks, Timothy I and Hardy, Richard J and Lane, Stuart N and Parsons, Daniel R},
  journal={Environmental Fluid Mechanics},
  volume={17},
  number={2},
  pages={277--301},
  year={2017},
  publisher={Springer}
}

@article{hamed2017impact,
  title={Impact of height heterogeneity on canopy turbulence},
  author={Hamed, AM and Sadowski, MJ and Nepf, HM and Chamorro, LP},
  journal={Journal of Fluid Mechanics},
  volume={813},
  pages={1176--1196},
  year={2017},
  publisher={Cambridge University Press}
}

@article{dupont2010modelling,
  title={Modelling waving crops using large-eddy simulation: comparison with experiments and a linear stability analysis},
  author={Dupont, S and Gosselin, F and Py, Charlotte and De Langre, Emmanuel and Hemon, Pascal and Brunet, Yves},
  journal={Journal of Fluid Mechanics},
  volume={652},
  pages={5--44},
  year={2010},
  publisher={Cambridge University Press}
}

@article{inoue1955studies,
  title={Studies of the phenomena of Waving plants (“HONAMI”) caused by wind},
  author={Inoue, E},
  journal={Journal of Agricultural Meteorology},
  volume={11},
  number={3},
  pages={87--90},
  year={1955},
  publisher={The Society of Agricultural Meteorology of Japan}
}

@article{nepf2012flow,
  title={Flow and transport in regions with aquatic vegetation},
  author={Nepf, Heidi M},
  journal={Annual Review of Fluid Mechanics},
  volume={44},
  pages={123--142},
  year={2012},
  publisher={Annual Reviews}
}

@article{doare2004effect,
  title={Effect of plant interaction on wind-induced crop motion},
  author={Doar{\'e}, O and Moulia, B and De Langre, Emmanuel},
  journal={Journal of biomechanical engineering},
  volume={126},
  number={2},
  pages={146--151},
  year={2004},
  publisher={American Society of Mechanical Engineers}
}


@article{alvarado2017nature,
  title={Nonlinear flow response of soft hair beds},
  author={Alvarado, José and Comtet, Jean and de Langre, Emmanuel and Hosoi, A. E.},
  journal={Nature Physics},
  volume={13},
  pages={1014–1019},
  year={2017}
}

@article{barsu2016drag,
  title={Drag measurements in laterally confined 2D canopies: Reconfiguration and sheltering effect},
  author={Barsu, Sylvie and Doppler, Delphine and Jerome, J John Soundar and Rivi{\`e}re, Nicolas and Lance, Michel},
  journal={Physics of Fluids},
  volume={28},
  number={10},
  pages={107101},
  year={2016},
  publisher={AIP Publishing}
}

@article{singh2016linear,
  title={Linear stability analysis for monami in a submerged seagrass bed},
  author={Singh, Ravi and Bandi, MM and Mahadevan, Amala and Mandre, Shreyas},
  journal={Journal of Fluid Mechanics},
  volume={786},
  year={2016},
  publisher={Cambridge University Press}
}


@article{maza2015tsunami,
  title={Tsunami wave interaction with mangrove forests: A 3-D numerical approach},
  author={Maza, Maria and Lara, Javier L and Losada, Inigo J},
  journal={Coastal Engineering},
  volume={98},
  pages={33--54},
  year={2015},
  publisher={Elsevier}
}

@article{lopez2001mean,
  title={Mean flow and turbulence structure of open-channel flow through non-emergent vegetation},
  author={L{\'o}pez, Fabi{\'a}n and Garc{\'\i}a, Marcelo H},
  journal={Journal of Hydraulic Engineering},
  volume={127},
  number={5},
  pages={392--402},
  year={2001},
  publisher={American Society of Civil Engineers}
}

@article{ghisalberti2009obstructed,
  title={Obstructed shear flows: similarities across systems and scales},
  author={Ghisalberti, Marco},
  journal={Journal of Fluid Mechanics},
  volume={641},
  pages={51--61},
  year={2009},
  publisher={Cambridge University Press}
}
@article{rajagopal2007hierarchy,
  title={On a hierarchy of approximate models for flows of incompressible fluids through porous solids},
  author={Rajagopal, KR},
  journal={Mathematical Models and Methods in Applied Sciences},
  volume={17},
  number={02},
  pages={215--252},
  year={2007},
  publisher={World Scientific}
}


@article{ochoa2017fluid,
  title={Fluid motion in the fluid/porous medium inter-region},
  author={Ochoa-Tapia, J Alberto and Vald{\'e}s-Parada, Francisco Jos{\'e} and Goyeau, Beno{\^\i}t and Lasseux, Didier},
  journal={Revista Mexicana de Ingenier{\'\i}a Qu{\'\i}mica},
  volume={16},
  number={3},
  pages={923--938},
  year={2017}
}

@article{lasseux2017developments,
  title={On the developments of Darcy's law to include inertial and slip effects},
  author={Lasseux, Didier and Vald{\'e}s-Parada, Francisco J},
  journal={Comptes Rendus M{\'e}canique},
  volume={345},
  number={9},
  pages={660--669},
  year={2017},
  publisher={Elsevier}
}

@article{agnaou2017origin,
  title={Origin of the inertial deviation from Darcy's law: An investigation from a microscopic flow analysis on two-dimensional model structures},
  author={Agnaou, Mehrez and Lasseux, Didier and Ahmadi, Azita},
  journal={Physical Review E},
  volume={96},
  number={4},
  pages={043105},
  year={2017},
  publisher={APS}
}

@article{gray1975derivation,
  title={A derivation of the equations for multi-phase transport},
  author={Gray, William G},
  journal={Chemical Engineering Science},
  volume={30},
  number={2},
  pages={229--233},
  year={1975},
  publisher={Elsevier}
}

@article{carbonell1984heat,
  title={Heat and mass transfer in porous media},
  author={Carbonell, Ruben G and Whitaker, Stephen},
  journal={Fundamentals of transport phenomena in porous media},
  volume={82},
  pages={121--198},
  year={1984},
  publisher={Martinus Nijhoff Publishers, Dordrecht}
}

@article{whitaker1973transport,
  title={The transport equations for multi-phase systems},
  author={Whitaker, Stephen},
  journal={Chemical Engineering Science},
  volume={28},
  number={1},
  pages={139--147},
  year={1973},
  publisher={Elsevier}
}

@article{mei1991effect,
  title={The effect of weak inertia on flow through a porous medium},
  author={Mei, CC and Auriault, J-L},
  journal={Journal of Fluid Mechanics},
  volume={222},
  pages={647--663},
  year={1991},
  publisher={Cambridge University Press}
}

@article{auriault1977etude,
  title={Etude du comportement macroscopique d’un milieu poreux satur{\'e} d{\'e}formable},
  author={Auriault, Jean-Louis and Sanchez-Palencia, E},
  journal={Journal de m{\'e}canique},
  volume={16},
  number={4},
  pages={575--603},
  year={1977}
}

@article{skjetne1999new,
  title={New insights on steady, non-linear flow in porous media},
  author={Skjetne, E and Auriault, JL},
  journal={European Journal of Mechanics-B/Fluids},
  volume={18},
  number={1},
  pages={131--145},
  year={1999},
  publisher={Elsevier}
}

@article{mikelic2000interface,
  title={On the interface boundary condition of Beavers, Joseph, and Saffman},
  author={Mikelic, Andro and J{\"a}ger, Willi},
  journal={SIAM Journal on Applied Mathematics},
  volume={60},
  number={4},
  pages={1111--1127},
  year={2000},
  publisher={SIAM}
}

@article{auriault1983effective,
  title={Effective macroscopic description for heat conduction in periodic composites},
  author={Auriault, JL},
  journal={International Journal of Heat and Mass Transfer},
  volume={26},
  number={6},
  pages={861--869},
  year={1983},
  publisher={Elsevier}
}

@article{zampogna2017pelskin,
  title={The PELskin project—part III: a homogenized model of flows over and through dense poroelastic media},
  author={Zampogna, Giuseppe A and Bottaro, Alessandro},
  journal={Meccanica},
  volume={52},
  number={8},
  pages={1797--1808},
  year={2017},
  publisher={Springer}
}

@article{luminari2016drag,
  title={Drag-model sensitivity of Kelvin-Helmholtz waves in canopy flows},
  author={Luminari, Nicola and Airiau, Christophe and Bottaro, Alessandro},
  journal={Physics of Fluids},
  volume={28},
  number={12},
  pages={124103},
  year={2016},
  publisher={AIP Publishing}
}


@mastersthesis{grizzetti2015esperimenti,
  author            = {Grizzetti, Luca and Quadrio, Maurizio and Cortelezzi, Luca},
  title             = {Studio sperimentale della scia di un corpo tozzo in presenza di inserti di materiale poroso},
  school            = {Politecnico di Milano: Dipartimento Ingegneria Aerospaziale},
  year              = {2015}
}

@article{lafarge1998sound,
  title={Sound propagation in gas-filled rigid-framed porous media: General theory and new experimental and numerical data},
  author={Lafarge, Denis and Henry, Michel and Firdaouss, Mouaouia and Guermond, Jean-Luc},
  journal={The Journal of the Acoustical Society of America},
  volume={103},
  number={5},
  pages={2882--2882},
  year={1998},
  publisher={Acoustical Society of America}
}

@article{firdaouss1998some,
  title={Some remarks on the acoustic parameters of sharp-edged porous media},
  author={Firdaouss, M and Guermond, J-L and Lafarge, D},
  journal={International journal of engineering science},
  volume={36},
  number={9},
  pages={1035--1046},
  year={1998},
  publisher={Elsevier}
}

@article{barrere1992closure,
  title={On the closure problem for Darcy's law},
  author={Barrere, Jean and Gipouloux, Olivier and Whitaker, Stephen},
  journal={Transport in porous media},
  volume={7},
  number={3},
  pages={209--222},
  year={1992},
  publisher={Springer}
}

@article{davit2017technical,
  title={Technical Notes on Volume Averaging in Porous Media I: How to Choose a Spatial Averaging Operator for Periodic and Quasiperiodic Structures},
  author={Davit, Yohan and Quintard, Michel},
  journal={Transport in Porous Media},
  volume={119},
  number={3},
  pages={555--584},
  year={2017},
  publisher={Springer}
}

@article{quintard1994transport1,
  title={Transport in ordered and disordered porous media I: The cellular average and the use of weighting functions},
  author={Quintard, Michel and Whitaker, Stephen},
  journal={Transport in Porous Media},
  volume={14},
  number={2},
  pages={163--177},
  year={1994},
  publisher={Springer}
}
@article{quintard1994transport2,
  title={Transport in ordered and disordered porous media II: Generalized volume averaging},
  author={Quintard, Michel and Whitaker, Stephen},
  journal={Transport in porous media},
  volume={14},
  number={2},
  pages={179--206},
  year={1994},
  publisher={Springer}
}

@article{paez2017macroscopic,
  title={Macroscopic momentum and mechanical energy equations for incompressible single-phase flow in porous media},
  author={Pa{\'e}z-Garc{\'\i}a, Catherine Teresa and Vald{\'e}s-Parada, Francisco J and Lasseux, Didier},
  journal={Physical Review E},
  volume={95},
  number={2},
  pages={023101},
  year={2017},
  publisher={APS}
}

@article{wood2013volume,
  title={Volume averaging: Local and nonlocal closures using a Green’s function approach},
  author={Wood, Brian D and Vald{\'e}s-Parada, Francisco J},
  journal={Advances in water resources},
  volume={51},
  pages={139--167},
  year={2013},
  publisher={Elsevier}
}


@article{quintard1994transport5,
  title={Transport in ordered and disordered porous media V: Geometrical results for two-dimensional systems},
  author={Quintard, Michel and Whitaker, Stephen},
  journal={Transport in Porous Media},
  volume={15},
  number={2},
  pages={183--196},
  year={1994},
  publisher={Springer}
}

@article{quintard1994transport3,
  title={Transport in ordered and disordered porous media III: Closure and comparison between theory and experiment},
  author={Quintard, Michel and Whitaker, Stephen},
  journal={Transport in Porous Media},
  volume={15},
  number={1},
  pages={31--49},
  year={1994},
  publisher={Springer}
}

@article{quintard1994transport4,
  title={Transport in ordered and disordered porous media IV: Computer generated porous media for three-dimensional systems},
  author={Quintard, Michel and Whitaker, Stephen},
  journal={Transport in Porous Media},
  volume={15},
  number={1},
  pages={51--70},
  year={1994},
  publisher={Springer}
}

@article{marle1982macroscopic,
  title={On macroscopic equations governing multiphase flow with diffusion and chemical reactions in porous media},
  author={Marle, CM},
  journal={International Journal of Engineering Science},
  volume={20},
  number={5},
  pages={643--662},
  year={1982},
  publisher={Elsevier}
}


@article{ochoa1995momentum,
  title={Momentum transfer at the boundary between a porous medium and a homogeneous fluid—I. Theoretical development},
  author={Ochoa-Tapia, J Alberto and Whitaker, Stephen},
  journal={International Journal of Heat and Mass Transfer},
  volume={38},
  number={14},
  pages={2635--2646},
  year={1995},
  publisher={Elsevier}
}

@article{valdes2013velocity,
  title={Velocity and stress jump conditions between a porous medium and a fluid},
  author={Vald{\'e}s-Parada, Francisco J and Aguilar-Madera, Carlos G and Ochoa-Tapia, J Alberto and Goyeau, Beno{\^\i}t},
  journal={Advances in water resources},
  volume={62},
  pages={327--339},
  year={2013},
  publisher={Elsevier}
}

@article{zhu2014study,
  title={A study of the time constant in unsteady porous media flow using direct numerical simulation},
  author={Zhu, Tao and Waluga, Christian and Wohlmuth, Barbara and Manhart, Michael},
  journal={Transport in Porous Media},
  volume={104},
  number={1},
  pages={161--179},
  year={2014},
  publisher={Springer}
}

@book{transport2002bird,
   title =     {Transport Phenomena},
   author =    {R. Byron Bird, Warren E. Stewart, Edwin N. Lightfoot},
   publisher = {Wiley},
   year =      {2001},
   edition =   {2}
}

@article{nepf1999drag,
  title={Drag, turbulence, and diffusion in flow through emergent vegetation},
  author={Nepf, HM},
  journal={Water resources research},
  volume={35},
  number={2},
  pages={479--489},
  year={1999},
  publisher={Wiley Online Library}
}

@article{angot2017asymptotic,
  title={Asymptotic modeling of transport phenomena at the interface between a fluid and a porous layer: Jump conditions},
  author={Angot, Philippe and Goyeau, Beno{\^\i}t and Ochoa-Tapia, J Alberto},
  journal={Physical Review E},
  volume={95},
  number={6},
  pages={063302},
  year={2017},
  publisher={APS}
}

@inproceedings{caltagirone1984,
    address = {Paris},
    author = {Arquis, E. and Caltagirone, J. P.},
    booktitle = {{Comptes Rendus de l'Académie des Sciences}},
    citeulike-article-id = {3021613},
    pages = {1--4},
    posted-at = {2008-07-20 03:52:51},
    priority = {3},
    series = {{Serie II}},
    title = {{Sur les conditions hydrodynamiques au voisinage d'une interface milieu fluide-milieux poreux: application \`{a} la convection naturelle}},
    volume = {299},
    year = {1984}
}

@article{cimolin2013navier,
  title={Navier--Stokes/Forchheimer models for filtration through porous media},
  author={Cimolin, Flavio and Discacciati, Marco},
  journal={Applied Numerical Mathematics},
  volume={72},
  pages={205--224},
  year={2013},
  publisher={Elsevier}
}

@TECHREPORT{ehrhardt2010interface,
  author = {Matthias Ehrhardt},
  title = {An introduction to Fluid-Porous interface coupling},
  year = {2010},
   adsurl = {http://staff.bath.ac.uk/ensdasr/PAPERS/interfaceconditions.pdf}
}

@article{lacis2017framework,
  title={A framework for computing effective boundary conditions at the interface between free fluid and a porous medium},
  author={L{\=a}cis, Uǧis and Bagheri, Shervin},
  journal={Journal of Fluid Mechanics},
  volume={812},
  pages={866--889},
  year={2017},
  publisher={Cambridge University Press}
}

@article{minale2014momentum,
  title={Momentum transfer within a porous medium. II. Stress boundary condition},
  author={Minale, Mario},
  journal={Physics of Fluids},
  volume={26},
  number={12},
  pages={123102},
  year={2014},
  publisher={AIP Publishing}
}

@article{biot1956theory,
  title={Theory of propagation of elastic waves in a fluid-saturated porous solid. I. Low-frequency range},
  author={Biot, Maurice A},
  journal={The Journal of the acoustical Society of america},
  volume={28},
  number={2},
  pages={168--178},
  year={1956},
  publisher={ASA}
}

@article{whitaker1986deformable,
  title={Flow in porous media III: deformable media},
  author={Whitaker, Stephen},
  journal={Transport in Porous Media},
  volume={1},
  number={2},
  pages={127--154},
  year={1986},
  publisher={Springer}
}

@article{wang2015volume,
  title={Volume-averaged macroscopic equation for fluid flow in moving porous media},
  author={Wang, Liang and Wang, Lian-Ping and Guo, Zhaoli and Mi, Jianchun},
  journal={International Journal of Heat and Mass Transfer},
  volume={82},
  pages={357--368},
  year={2015},
  publisher={Elsevier}
}

@article{irons1969aitken,
  title={A version of the Aitken accelerator for computer iteration},
  author={Irons, Bruce M and Tuck, Robert C},
  journal={International Journal for Numerical Methods in Engineering},
  volume={1},
  number={3},
  pages={275--277},
  year={1969},
  publisher={Wiley Online Library}
}

%%%%%%%%%%%%%%
% Article 1
%%%%%%%%%%%%%

@article{ackerman1993reduced,
  title={Reduced mixing in a marine macrophyte canopy},
  author={Ackerman, JD and Okubo, A},
  journal={Functional Ecology},
  pages={305--309},
  year={1993},
  publisher={JSTOR}
}

@incollection{raupach1996coherent,
  title={Coherent eddies and turbulence in vegetation canopies: the mixing-layer analogy},
  author={Raupach, M\_R and Finnigan, JJ and Brunet, Y},
  booktitle={Boundary-Layer Meteorology 25th Anniversary Volume, 1970--1995},
  pages={351--382},
  year={1996},
  publisher={Springer}
}

@article{py2004mixing,
  title={The mixing layer instability of wind over a flexible crop canopy},
  author={Py, Charlotte and De Langre, Emmanuel and Moulia, Bruno},
  journal={Comptes Rendus M{\'e}canique},
  volume={332},
  number={8},
  pages={613--618},
  year={2004},
  publisher={Elsevier}
}


@article{zampogna2016instability,
  title={Instability of canopy flows},
  author={Zampogna, Giuseppe A and Pluvinage, Franck and Kourta, Azeddine and Bottaro, Alessandro},
  journal={Water Resources Research},
  volume={52},
  number={7},
  pages={5421--5432},
  year={2016},
  publisher={Wiley Online Library}
}

@article{ikeda1996three,
  title={Three-dimensional organized vortices above flexible water plants},
  author={Ikeda, Syunsuke and Kanazawa, Minoru},
  journal={Journal of Hydraulic Engineering},
  volume={122},
  number={11},
  pages={634--640},
  year={1996},
  publisher={American Society of Civil Engineers}
}

@article{gambi1990flume,
  title={Flume observations on flow dynamics in Zostera marina (eelgrass) beds},
  author={Gambi, Maria Cristina and Nowell, Arthur RM and Jumars, Peter A},
  journal={Marine ecology progress series},
  pages={159--169},
  year={1990},
  publisher={JSTOR}
}

@article{eckman1987role,
  title={The role of hydrodynamics in recruitment, growth, and survival of Argopecten irradians (L.) and Anomia simplex (D'Orbigny) within eelgrass meadows},
  author={Eckman, James E},
  journal={Journal of Experimental Marine Biology and Ecology},
  volume={106},
  number={2},
  pages={165--191},
  year={1987},
  publisher={Elsevier}
}

@article{grizzle1996hydrodynamically,
  title={Hydrodynamically induced synchronous waving of seagrasses:‘monami’and its possible effects on larval mussel settlement},
  author={Grizzle, Raymond E and Short, Frederick T and Newell, Carter R and Hoven, Heidi and Kindblom, Linda},
  journal={Journal of Experimental Marine Biology and Ecology},
  volume={206},
  number={1-2},
  pages={165--177},
  year={1996},
  publisher={Elsevier}
}

@article{finnigan2000turbulence,
  title={Turbulence in plant canopies},
  author={Finnigan, John},
  journal={Annual review of fluid mechanics},
  volume={32},
  number={1},
  pages={519--571},
  year={2000},
  publisher={Annual Reviews 4139 El Camino Way, PO Box 10139, Palo Alto, CA 94303-0139, USA}
}

@article{asaeda2005morphological,
  title={Morphological adaptations of emergent plants to water flow: a case study with Typha angustifolia, Zizania latifolia and Phragmites australis},
  author={Asaeda, Takashi and Fujino, Takeshi and Manatunge, Jagath},
  journal={Freshwater Biology},
  volume={50},
  number={12},
  pages={1991--2001},
  year={2005},
  publisher={Wiley Online Library}
}

@article{duan2006lodging,
  title={Lodging velocity for an emergent aquatic plant in open channels},
  author={Duan, Jennifer G and Barkdoll, Brian and French, Richard},
  journal={Journal of Hydraulic Engineering},
  volume={132},
  number={10},
  pages={1015--1020},
  year={2006},
  publisher={American Society of Civil Engineers}
}

@article{patil2010characteristics,
  title={Characteristics of Monami wave in submerged vegetated flow},
  author={Patil, S and Singh, VP},
  journal={Journal of Hydrologic Engineering},
  volume={15},
  number={3},
  pages={171--181},
  year={2010},
  publisher={American Society of Civil Engineers}
}

@article{ghisalberti2002mixing,
  title={Mixing layers and coherent structures in vegetated aquatic flows},
  author={Ghisalberti, Marco and Nepf, Heidi M},
  journal={Journal of Geophysical Research: Oceans},
  volume={107},
  number={C2},
  year={2002},
  publisher={Wiley Online Library}
}

@article{ghisalberti2004limited,
  title={The limited growth of vegetated shear layers},
  author={Ghisalberti, M and Nepf, HM},
  journal={Water Resources Research},
  volume={40},
  number={7},
  year={2004},
  publisher={Wiley Online Library}
}

@article{ghisalberti2005mass,
  title={Mass transport in vegetated shear flows},
  author={Ghisalberti, Marco and Nepf, Heidi},
  journal={Environmental fluid mechanics},
  volume={5},
  number={6},
  pages={527--551},
  year={2005},
  publisher={Springer}
}


@article{brevis2014experimental,
  title={Experimental and large eddy simulation study of the flow developed by a sequence of lateral obstacles},
  author={Brevis, W and Garc{\'\i}a-Villalba, M and Ni{\~n}o, Y},
  journal={Environmental Fluid Mechanics},
  volume={14},
  number={4},
  pages={873--893},
  year={2014},
  publisher={Springer}
}

@article{hussaini1987spectral,
  title={Spectral methods in fluid dynamics},
  author={Hussaini, M Yousuff and Zang, Thomas A},
  journal={Annual review of fluid mechanics},
  volume={19},
  number={1},
  pages={339--367},
  year={1987},
  publisher={Annual Reviews 4139 El Camino Way, PO Box 10139, Palo Alto, CA 94303-0139, USA}
}

@article{le2006interfacial,
  title={Interfacial conditions between a pure fluid and a porous medium: implications for binary alloy solidification},
  author={Le Bars, Michael and Worster, M Grae},
  journal={Journal of Fluid Mechanics},
  volume={550},
  pages={149--173},
  year={2006},
  publisher={Cambridge University Press}
}


@article{zampognaprivate,
  title={private communication},
  author={Zampogna, Giuseppe A and Bottaro, Alessandro},
  year={2016},
  journal={The values of $\mathcal{K}_{11}$ and $\mathcal{K}_{22}$ arise from the solution of a local, microscopic problem 
which accounts for inertia through the porous medium \cite{zampogna2016fluid}. 
It is not unexpected that $\mathcal{K}_{11}$  approaches $\mathcal{K}_{22}$  as we leave the Stokes regime.}
}

@article{zampogna2016fluid,
  title={Fluid flow over and through a regular bundle of rigid fibres},
  author={Zampogna, Giuseppe A and Bottaro, Alessandro},
  journal={Journal of Fluid Mechanics},
  volume={792},
  pages={5--35},
  year={2016},
  publisher={Cambridge University Press}
}

@book{mei2010homogenization,
  title={Homogenization methods for multiscale mechanics},
  author={Mei, Chiang C and Vernescu, Bogdan},
  year={2010},
  publisher={World scientific}
}


@article{zampognaMech,
  title={The PELskin project—part III: a homogenized model of flows over and through dense poroelastic media},
  author={Zampogna, Giuseppe A and Bottaro, Alessandro},
  journal={Meccanica},
  volume={52},
  number={8},
  pages={1797--1808},
  year={2017},
  publisher={Springer}
}

@article{beaver,
  title={Boundary conditions at a naturally permeable wall},
  author={Beavers, Gordon S and Joseph, Daniel D},
  journal={Journal of fluid mechanics},
  volume={30},
  number={1},
  pages={197--207},
  year={1967},
  publisher={Cambridge University Press}
}

@inproceedings{sharma2017stabilitycanopy,
  title={Linear stability analysis of turbulent flows over dense filament canopies},
  author={Sharma, A. and Gomez-de-Segura, G. and Garcia-Mayoral, R.},
  booktitle={$10^{th}$ International Symposium on Turbulence and Shear Flow Phenomena},
  year={2017}
}

@article{ortiz2002spatial,
  title={Spatial holmboe instability},
  author={Ortiz, Sabine and Chomaz, Jean-Marc and Loiseleux, Thomas},
  journal={Physics of Fluids},
  volume={14},
  number={8},
  pages={2585--2597},
  year={2002},
  publisher={AIP}
}

@article{garcia2017analysis,
  title={Analysis of anisotropically permeable surfaces for turbulent drag reduction},
  author={Garcia Mayoral, R and Abderrahaman-Elena, N},
  journal={Physical Review Fluids},
  year={2017}
}
%%%%%%%%%%%%%%
% article 2
%%%%%%%%%%%%%

% This file was created with JabRef 2.7b.
% Encoding: UTF-8

% This file was created with JabRef 2.7b.
% Encoding: UTF-8

@TECHREPORT{dakota,
  author = {Adams, B.M. and Bauman, L.E. and Bohnhoff, W.J. and Dalbey, K.R. and Ebeida, M.S. and Eddy, J.P. and Eldred, M.S. and Hough, P.D. and Hu, K.T. and Jakeman,  J.D. and Stephens, J.A. and Swiler, L.P. and Vigil, D.M. and and Wildey, T.M.},
  title = {Dakota, A multilevel parallel object-oriented framework for design optimization, parameter estimation, uncertainty quantification, and sensitivity analysis: {V}ersion 6.0 {T}heory {M}anual},
institution = {Sandia National Laboratories, SAND2014-4253},
  year = {2014}
}

@article{lasseux_hopf,
  title={From steady to unsteady laminar flow in model porous structures: an investigation of the first {H}opf bifurcation},
  author={Agnaou, Mehrez and Lasseux, Didier and Ahmadi, Azita},
  journal={Computers \& Fluids},
  volume={136},
  pages={67--82},
  year={2016},
  publisher={Elsevier}
}

@book{openturns,
author={Baudin, Micha{\"e}l
and Dutfoy, Anne
and Iooss, Bertrand
and Popelin, Anne-Laure},
editor={Ghanem, Roger
and Higdon, David
and Owhadi, Houman},
title={OpenTURNS: An industrial software for uncertainty quantification in simulation},
bookTitle={Handbook of Uncertainty Quantification},
year={2016},
publisher={Springer International Publishing},
address={Cham},
pages={1--38},
isbn={978-3-319-11259-6},
doi={10.1007/978-3-319-11259-6_64-1},
url={http://dx.doi.org/10.1007/978-3-319-11259-6_64-1}
}

@phdthesis{brugem_phd,
  author = {Wim-Paul Breugem},
  title = {The influence of wall permeability on laminar and turbulent flows.
Theory and simulations},
school       = {Delft University of Technology, The Netherlands},
  year = {2005}
}

@article{brinkman,
  title={A calculation of the viscous force exerted by a flowing fluid on a dense swarm of particles},
  author={Brinkman, HC},
  journal={Applied Scientific Research},
  volume={1},
  number={1},
  pages={27--34},
  year={1949},
  publisher={Springer}
}

@article{carman,
    author = {Carman, P. C.},
    journal = {Transactions - Institution of Chemical Engineeres},
    pages = {150--166},
    title = {{Fluid Flow Through Granular Beds}},
    volume = {15},
    year = {1937}
}

@book{darcy,
  title={Les fontaines publiques de la ville de Dijon},
  author={Darcy, Henry},
  year={1856},
  publisher={Victor Dalmont}
}

@article{edwards1990,
  title={The influence of {R}eynolds number upon the apparent permeability of spatially periodic arrays of cylinders},
  author={Edwards, DA and Shapiro, M and Bar-Yoseph, P and Shapira, M},
  journal={Physics of Fluids A: Fluid Dynamics},
  volume={2},
  number={1},
  pages={45--55},
  year={1990},
  publisher={AIP}
}

@article{ergun,
  title={Fluid flow through randomly packed columns and fluidized beds},
  author={Ergun, Sabri and Orning, Ao Ao},
  journal={Industrial \& Engineering Chemistry},
  volume={41},
  number={6},
  pages={1179--1184},
  year={1949},
  publisher={ACS Publications}
}

@article{forchheimer,
  title={Wasserbewegung durch boden},
  author={Forchheimer, PH},
  journal={Zeitz. Ver. Duetch Ing.},
  volume={45},
  pages={1782--1788},
  year={1901}
}

@inproceedings{giunta,
  title={Overview of modern design of experiments methods for computational simulations},
  author={Giunta, Anthony A and Wojtkiewicz, Steven F and Eldred, Michael S},
  booktitle={Proceedings of the 41st AIAA aerospace sciences meeting and exhibit, AIAA-2003-0649},
  year={2003}
}

@article{hussong,
  title={A continuum model for flow induced by metachronal coordination between beating cilia},
  author={Hussong, Jeanette and Breugem, Wim-Paul and Westerweel, Jerry},
  journal={Journal of Fluid Mechanics},
  volume={684},
  pages={137--162},
  year={2011},
  publisher={Cambridge University Press}
}

@article{Kleijnen20171,
title = "Regression and Kriging metamodels with their experimental designs in simulation: A review ",
journal = "European Journal of Operational Research ",
volume = "256",
number = "1",
pages = "1 - 16",
year = "2017",
note = "",
issn = "0377-2217",
doi = "https://doi.org/10.1016/j.ejor.2016.06.041",
author = "Jack P.C. Kleijnen"
}

@article{kozeny,
  title={{\"U}ber Grundwasserbewegung},
  author={Kozeny, J},
  journal={Wasserkraft und Wasserwirtschaft},
  volume={22},
  number={5},
  pages={67--70},
  year={1927}
}

@article{lasseux,
  title={On the stationary macroscopic inertial effects for one phase flow in ordered and disordered porous media},
  author={Lasseux, Didier and Arani Abbasian, A. and Ahmadi, A.},
  journal={Physics of Fluids (1994-present)},
  volume={23},
  number={7},
  pages={073103},
  year={2011},
  publisher={AIP Publishing}
}

@article{pauthenet,
  title={Topological scaling for inertial transition in porous media},
  author={Pauthenet, M. and Davit, Y. and Quintard, M. and Bottaro, A},
  journal={submitted},
  year={2017}
}

@book{roache,
  title={Verification and validation in computational science and engineering},
  author={Roache, P.J.},
  year={1998},
  publisher={Hermosa Press, Albuquerque, NM.}
}

@article{soulaine2014,
  title={On the use of a {D}arcy--{F}orchheimer like model for a macro-scale description of turbulence in porous media and its application to structured packings},
  author={Soulaine, Cyprien and Quintard, Michel},
  journal={International Journal of Heat and Mass Transfer},
  volume={74},
  pages={88--100},
  year={2014},
  publisher={Pergamon}
}

@article{openfoam,
title={A tensorial approach to computational continuum mechanics using object-oriented techniques},
author={H. G. Weller and G. Tabor and H. Jasak and C. Fureby},
journal={Computers in Physics},
volume={12},
number={6},
year={1998},
pages={620--631}
}



@article{whitaker1996forchheimer,
  title={The {F}orchheimer equation: a theoretical development},
  author={Whitaker, Stephen},
  journal={Transport in Porous Media},
  volume={25},
  number={1},
  pages={27--61},
  year={1996},
  publisher={Springer}
}

@book{whitaker2013method,
  title={The {M}ethod of {V}olume {A}veraging},
  author={Whitaker, Stephen},
  volume={13},
  year={2013},
  publisher={Springer Science \& Business Media}
}

@article{yazdchi2011,
  title={Microstructural effects on the permeability of periodic fibrous porous media},
  author={Yazdchi, K and Srivastava, S and Luding, S},
  journal={International Journal of Multiphase Flow},
  volume={37},
  number={8},
  pages={956--966},
  year={2011},
  publisher={Pergamon}
}

@ARTICLE{zampogna,
   author = {{Zampogna}, G.~A. and {Bottaro}, A.},
    title = {Fluid flow over and through a regular bundle of rigid fibres},
  journal = {Journal of Fluid Mechanics},
     year = 2016,
   volume = 792,
    pages = {5-35},
      doi = {10.1017/jfm.2016.66},
   adsurl = {http://adsabs.harvard.edu/abs/2016JFM...792....5Z},
  adsnote = {Provided by the SAO/NASA Astrophysics Data System}
}





%%%%%%%%%%%%%%%%%%%%% NOT USED REFERENCES %%%%%%%%%%%%%%%%%%%%%%%%%%

@article{prosperetti3d,
  title={Pressure-driven flow in a channel with porous walls},
  author={Liu, Qianlong and Prosperetti, Andrea},
  journal={Journal of fluid mechanics},
  volume={679},
  pages={77--100},
  year={2011},
  publisher={Cambridge University Press}
}

@article{prosperetti2d,
  title={Pressure-driven flow in a two-dimensional channel with porous walls},
  author={Zhang, Quan and Prosperetti, Andrea},
  journal={Journal of Fluid Mechanics},
  volume={631},
  pages={1--21},
  year={2009},
  publisher={Cambridge University Press}
}

@inproceedings{ugis,
  title={A computational continuum model of poroelastic beds},
  author={L{\=a}cis, Uǧis and Zampogna, Giuseppe Antonio and Bagheri, Shervin},
  booktitle={Proc. R. Soc. A},
  volume={473},
  number={2199},
  pages={20160932},
  year={2017},
  organization={The Royal Society}
}

@article{matplotlib,
  Author    = {Hunter, J. D.},
  Title     = {Matplotlib: A 2D graphics environment},
  Journal   = {Computing In Science \& Engineering},
  Volume    = {9},
  Number    = {3},
  Pages     = {90--95},
  publisher = {IEEE COMPUTER SOC},
  doi = {10.1109/MCSE.2007.55},
  year      = {2007}
}

@TECHREPORT{joel,
  author = {Joel Guerrero},
  title = {Introductory OpenFOAM course-training: vortex-shedding exercise.},
  year = {2016}
}

@article{choi,
  title={Numerical solutions of flow past a circular cylinder at Reynolds numbers up to 160},
  author={Park, Jeongyoung and Kwon, Kiyoung and Choi, Haecheon},
  journal={KSME international Journal},
  volume={12},
  number={6},
  pages={1200--1205},
  year={1998},
  publisher={Springer}
}

@article{placzek,
  title={Numerical simulation of an oscillating cylinder in a cross-flow at low {R}eynolds number: forced and free oscillations},
  author={Placzek, Antoine and Sigrist, Jean-Francois and Hamdouni, Aziz},
  journal={Computers \& Fluids},
  volume={38},
  number={1},
  pages={80--100},
  year={2009},
  publisher={Elsevier}
}

@article{shiels,
  title={Flow-induced vibration of a circular cylinder at limiting structural parameters},
  author={Shiels, D and Leonard, A and Roshko, A},
  journal={Journal of Fluids and Structures},
  volume={15},
  number={1},
  pages={3--21},
  year={2001},
  publisher={Elsevier}
}


@ARTICLE{barba,
   author = {{Mesnard}, O. and {Barba}, L.~A.},
    title = "{Reproducible and replicable CFD: it's harder than you think}",
  journal = {ArXiv e-prints},
archivePrefix = "arXiv",
   eprint = {1605.04339},
 primaryClass = "physics.comp-ph",
 keywords = {Physics - Computational Physics},
     year = 2016,
    month = may,
   adsurl = {http://adsabs.harvard.edu/abs/2016arXiv160504339M},
  adsnote = {Provided by the SAO/NASA Astrophysics Data System}
}

@article{por_sph,
  title={Inertial flow structures in a simple-packed bed of spheres},
  author={Suekane, Tetsuya and Yokouchi, Yasuo and Hirai, Shuichiro},
  journal={AIChE journal},
  volume={49},
  number={1},
  pages={10--17},
  year={2003},
  publisher={Wiley Online Library}
}

@article{por_sph_random,
  title={A comparison of measured and modeled velocity fields for a laminar flow in a porous medium},
  author={Wood, BD and Apte, SV and Liburdy, JA and Ziazi, RM and He, X and Finn, JR and Patil, VA},
  journal={Advances in Water Resources},
  volume={85},
  pages={45--63},
  year={2015},
  publisher={Elsevier}
}

@article{penha2011computing,
  title={Computing the apparent permeability of an array of staggered square rods using volume-penalization},
  author={Penha, DJ Lopez and Geurts, Bernardus J and Stolz, S and Nordlund, M},
  journal={Computers \& Fluids},
  volume={51},
  number={1},
  pages={157--173},
  year={2011},
  publisher={Elsevier}
}

@article{firdaouss1997nonlinear,
  title={Nonlinear corrections to Darcy's law at low Reynolds numbers},
  author={Firdaouss, Mouaouia and Guermond, Jean-Luc and Le Qu{\'e}r{\'e}, Patrick},
  journal={Journal of Fluid Mechanics},
  volume={343},
  pages={331--350},
  year={1997},
  publisher={Cambridge University Press}
}


@article{krige1951statistical,
  title={A statistical approach to some basic mine valuation problems on the Witwatersrand},
  author={Krige, Daniel G},
  journal={Journal of the Southern African Institute of Mining and Metallurgy},
  volume={52},
  number={6},
  pages={119--139},
  year={1951},
  publisher={Southern African Institute of Mining and Metallurgy}
}

@book{cavazzuti2012optimization,
  title={Optimization methods: from theory to design scientific and technological aspects in mechanics},
  author={Cavazzuti, Marco},
  year={2012},
  publisher={Springer Science \& Business Media}
}

@article{sacks1989design,
  title={Design and analysis of computer experiments},
  author={Sacks, Jerome and Welch, William J and Mitchell, Toby J and Wynn, Henry P},
  journal={Statistical science},
  pages={409--423},
  year={1989},
  publisher={JSTOR}
}
