@article{krige1951statistical,
  title={A statistical approach to some basic mine valuation problems on the Witwatersrand},
  author={Krige, Daniel G},
  journal={Journal of the Southern African Institute of Mining and Metallurgy},
  volume={52},
  number={6},
  pages={119--139},
  year={1951},
  publisher={Southern African Institute of Mining and Metallurgy}
}
