%%%%%%%%%%%%%%
% Article 1
%%%%%%%%%%%%%

@article{ackerman1993reduced,
  title={Reduced mixing in a marine macrophyte canopy},
  author={Ackerman, JD and Okubo, A},
  journal={Functional Ecology},
  pages={305--309},
  year={1993},
  publisher={JSTOR}
}

@incollection{raupach1996coherent,
  title={Coherent eddies and turbulence in vegetation canopies: the mixing-layer analogy},
  author={Raupach, M\_R and Finnigan, JJ and Brunet, Y},
  booktitle={Boundary-Layer Meteorology 25th Anniversary Volume, 1970--1995},
  pages={351--382},
  year={1996},
  publisher={Springer}
}

@article{py2004mixing,
  title={The mixing layer instability of wind over a flexible crop canopy},
  author={Py, Charlotte and De Langre, Emmanuel and Moulia, Bruno},
  journal={Comptes Rendus M{\'e}canique},
  volume={332},
  number={8},
  pages={613--618},
  year={2004},
  publisher={Elsevier}
}


@article{zampogna2016instability,
  title={Instability of canopy flows},
  author={Zampogna, Giuseppe A and Pluvinage, Franck and Kourta, Azeddine and Bottaro, Alessandro},
  journal={Water Resources Research},
  volume={52},
  number={7},
  pages={5421--5432},
  year={2016},
  publisher={Wiley Online Library}
}

@article{ikeda1996three,
  title={Three-dimensional organized vortices above flexible water plants},
  author={Ikeda, Syunsuke and Kanazawa, Minoru},
  journal={Journal of Hydraulic Engineering},
  volume={122},
  number={11},
  pages={634--640},
  year={1996},
  publisher={American Society of Civil Engineers}
}

@article{gambi1990flume,
  title={Flume observations on flow dynamics in Zostera marina (eelgrass) beds},
  author={Gambi, Maria Cristina and Nowell, Arthur RM and Jumars, Peter A},
  journal={Marine ecology progress series},
  pages={159--169},
  year={1990},
  publisher={JSTOR}
}

@article{eckman1987role,
  title={The role of hydrodynamics in recruitment, growth, and survival of Argopecten irradians (L.) and Anomia simplex (D'Orbigny) within eelgrass meadows},
  author={Eckman, James E},
  journal={Journal of Experimental Marine Biology and Ecology},
  volume={106},
  number={2},
  pages={165--191},
  year={1987},
  publisher={Elsevier}
}

@article{grizzle1996hydrodynamically,
  title={Hydrodynamically induced synchronous waving of seagrasses:‘monami’and its possible effects on larval mussel settlement},
  author={Grizzle, Raymond E and Short, Frederick T and Newell, Carter R and Hoven, Heidi and Kindblom, Linda},
  journal={Journal of Experimental Marine Biology and Ecology},
  volume={206},
  number={1-2},
  pages={165--177},
  year={1996},
  publisher={Elsevier}
}

@article{finnigan2000turbulence,
  title={Turbulence in plant canopies},
  author={Finnigan, John},
  journal={Annual review of fluid mechanics},
  volume={32},
  number={1},
  pages={519--571},
  year={2000},
  publisher={Annual Reviews 4139 El Camino Way, PO Box 10139, Palo Alto, CA 94303-0139, USA}
}

@article{asaeda2005morphological,
  title={Morphological adaptations of emergent plants to water flow: a case study with Typha angustifolia, Zizania latifolia and Phragmites australis},
  author={Asaeda, Takashi and Fujino, Takeshi and Manatunge, Jagath},
  journal={Freshwater Biology},
  volume={50},
  number={12},
  pages={1991--2001},
  year={2005},
  publisher={Wiley Online Library}
}

@article{duan2006lodging,
  title={Lodging velocity for an emergent aquatic plant in open channels},
  author={Duan, Jennifer G and Barkdoll, Brian and French, Richard},
  journal={Journal of Hydraulic Engineering},
  volume={132},
  number={10},
  pages={1015--1020},
  year={2006},
  publisher={American Society of Civil Engineers}
}

@article{patil2010characteristics,
  title={Characteristics of Monami wave in submerged vegetated flow},
  author={Patil, S and Singh, VP},
  journal={Journal of Hydrologic Engineering},
  volume={15},
  number={3},
  pages={171--181},
  year={2010},
  publisher={American Society of Civil Engineers}
}

@article{ghisalberti2002mixing,
  title={Mixing layers and coherent structures in vegetated aquatic flows},
  author={Ghisalberti, Marco and Nepf, Heidi M},
  journal={Journal of Geophysical Research: Oceans},
  volume={107},
  number={C2},
  year={2002},
  publisher={Wiley Online Library}
}

@article{ghisalberti2004limited,
  title={The limited growth of vegetated shear layers},
  author={Ghisalberti, M and Nepf, HM},
  journal={Water Resources Research},
  volume={40},
  number={7},
  year={2004},
  publisher={Wiley Online Library}
}

@article{ghisalberti2005mass,
  title={Mass transport in vegetated shear flows},
  author={Ghisalberti, Marco and Nepf, Heidi},
  journal={Environmental fluid mechanics},
  volume={5},
  number={6},
  pages={527--551},
  year={2005},
  publisher={Springer}
}


@article{brevis2014experimental,
  title={Experimental and large eddy simulation study of the flow developed by a sequence of lateral obstacles},
  author={Brevis, W and Garc{\'\i}a-Villalba, M and Ni{\~n}o, Y},
  journal={Environmental Fluid Mechanics},
  volume={14},
  number={4},
  pages={873--893},
  year={2014},
  publisher={Springer}
}

@article{hussaini1987spectral,
  title={Spectral methods in fluid dynamics},
  author={Hussaini, M Yousuff and Zang, Thomas A},
  journal={Annual review of fluid mechanics},
  volume={19},
  number={1},
  pages={339--367},
  year={1987},
  publisher={Annual Reviews 4139 El Camino Way, PO Box 10139, Palo Alto, CA 94303-0139, USA}
}

@article{le2006interfacial,
  title={Interfacial conditions between a pure fluid and a porous medium: implications for binary alloy solidification},
  author={Le Bars, Michael and Worster, M Grae},
  journal={Journal of Fluid Mechanics},
  volume={550},
  pages={149--173},
  year={2006},
  publisher={Cambridge University Press}
}


@article{zampognaprivate,
  title={private communication},
  author={Zampogna, Giuseppe A and Bottaro, Alessandro},
  year={2016},
  journal={The values of $\mathcal{K}_{11}$ and $\mathcal{K}_{22}$ arise from the solution of a local, microscopic problem 
which accounts for inertia through the porous medium \cite{zampogna2016fluid}. 
It is not unexpected that $\mathcal{K}_{11}$  approaches $\mathcal{K}_{22}$  as we leave the Stokes regime.}
}

@article{zampogna2016fluid,
  title={Fluid flow over and through a regular bundle of rigid fibres},
  author={Zampogna, Giuseppe A and Bottaro, Alessandro},
  journal={Journal of Fluid Mechanics},
  volume={792},
  pages={5--35},
  year={2016},
  publisher={Cambridge University Press}
}

@book{mei2010homogenization,
  title={Homogenization methods for multiscale mechanics},
  author={Mei, Chiang C and Vernescu, Bogdan},
  year={2010},
  publisher={World scientific}
}


@article{zampognaMech,
  title={The PELskin project—part III: a homogenized model of flows over and through dense poroelastic media},
  author={Zampogna, Giuseppe A and Bottaro, Alessandro},
  journal={Meccanica},
  volume={52},
  number={8},
  pages={1797--1808},
  year={2017},
  publisher={Springer}
}

@article{beaver,
  title={Boundary conditions at a naturally permeable wall},
  author={Beavers, Gordon S and Joseph, Daniel D},
  journal={Journal of fluid mechanics},
  volume={30},
  number={1},
  pages={197--207},
  year={1967},
  publisher={Cambridge University Press}
}

@inproceedings{sharma2017stabilitycanopy,
  title={Linear stability analysis of turbulent flows over dense filament canopies},
  author={Sharma, A. and Gomez-de-Segura, G. and Garcia-Mayoral, R.},
  booktitle={$10^{th}$ International Symposium on Turbulence and Shear Flow Phenomena},
  year={2017}
}

@article{ortiz2002spatial,
  title={Spatial holmboe instability},
  author={Ortiz, Sabine and Chomaz, Jean-Marc and Loiseleux, Thomas},
  journal={Physics of Fluids},
  volume={14},
  number={8},
  pages={2585--2597},
  year={2002},
  publisher={AIP}
}

