@article{barrere1992closure,
  title={On the closure problem for Darcy's law},
  author={Barrere, J. and Gipouloux, O. and Whitaker, S.},
  journal={Transport in Porous Media},
  volume={7},
  number={3},
  pages={209--222},
  year={1992},
  publisher={Springer}
}

@article{davit2017technical,
  title={Technical Notes on Volume Averaging in Porous Media I: How to Choose a Spatial Averaging Operator for Periodic and Quasiperiodic Structures},
  author={Davit, Y. and Quintard, M.},
  journal={Transport in Porous Media},
  volume={119},
  number={3},
  pages={555--584},
  year={2017},
  publisher={Springer}
}

@article{quintard1994transport1,
  title={Transport in ordered and disordered porous media I: The cellular average and the use of weighting functions},
  author={Quintard, M. and Whitaker, S.},
  journal={Transport in Porous Media},
  volume={14},
  number={2},
  pages={163--177},
  year={1994},
  publisher={Springer}
}
@article{quintard1994transport2,
  title={Transport in ordered and disordered porous media II: Generalized volume averaging},
  author={Quintard, M. and Whitaker, S.},
  journal={Transport in Porous Media},
  volume={14},
  number={2},
  pages={179--206},
  year={1994},
  publisher={Springer}
}

@article{paez2017macroscopic,
  title={Macroscopic momentum and mechanical energy equations for incompressible single-phase flow in porous media},
  author={Pa{\'e}z-Garc{\'\i}a, C.T. and Vald{\'e}s-Parada, F.J. and Lasseux, D.},
  journal={Physical Review E},
  volume={95},
  number={2},
  pages={023101},
  year={2017},
  publisher={APS}
}

@article{wood2013volume,
  title={Volume averaging: Local and nonlocal closures using a Green’s function approach},
  author={Wood, B.D. and Vald{\'e}s-Parada, F.J.},
  journal={Advances in water resources},
  volume={51},
  pages={139--167},
  year={2013},
  publisher={Elsevier}
}


@article{quintard1994transport5,
  title={Transport in ordered and disordered porous media V: Geometrical results for two-dimensional systems},
  author={Quintard, M. and Whitaker, S.},
  journal={Transport in Porous Media},
  volume={15},
  number={2},
  pages={183--196},
  year={1994},
  publisher={Springer}
}

@article{quintard1994transport3,
  title={Transport in ordered and disordered porous media III: Closure and comparison between theory and experiment},
  author={Quintard, M. and Whitaker, S.},
  journal={Transport in Porous Media},
  volume={15},
  number={1},
  pages={31--49},
  year={1994},
  publisher={Springer}
}

@article{quintard1994transport4,
  title={Transport in ordered and disordered porous media IV: Computer generated porous media for three-dimensional systems},
  author={Quintard, M. and Whitaker, S.},
  journal={Transport in Porous Media},
  volume={15},
  number={1},
  pages={51--70},
  year={1994},
  publisher={Springer}
}

@article{marle1982macroscopic,
  title={On macroscopic equations governing multiphase flow with diffusion and chemical reactions in porous media},
  author={Marle, C.M.},
  journal={International Journal of Engineering Science},
  volume={20},
  number={5},
  pages={643--662},
  year={1982},
  publisher={Elsevier}
}


@article{ochoa1995momentum,
  title={Momentum transfer at the boundary between a porous medium and a homogeneous fluid—I. Theoretical development},
  author={Ochoa-Tapia, J.A. and Whitaker, S.},
  journal={International Journal of Heat and Mass Transfer},
  volume={38},
  number={14},
  pages={2635--2646},
  year={1995},
  publisher={Elsevier}
}

@article{valdes2013velocity,
  title={Velocity and stress jump conditions between a porous medium and a fluid},
  author={Vald{\'e}s-Parada, F.J. and Aguilar-Madera, C.G. and Ochoa-Tapia, J.A. and Goyeau, B.},
  journal={Advances in water resources},
  volume={62},
  pages={327--339},
  year={2013},
  publisher={Elsevier}
}

@article{zhu2014study,
  title={A study of the time constant in unsteady porous media flow using direct numerical simulation},
  author={Zhu, T. and Waluga, C. and Wohlmuth, B. and Manhart, M.},
  journal={Transport in Porous Media},
  volume={104},
  number={1},
  pages={161--179},
  year={2014},
  publisher={Springer}
}

@book{transport2002bird,
   title =     {Transport Phenomena},
   author =    {Bird, R.B. and Stewart, W.E. and Lightfoot, E.},
   publisher = {Wiley},
   year =      {2001},
   edition =   {2}
}

@article{nepf1999drag,
  title={Drag, turbulence, and diffusion in flow through emergent vegetation},
  author={Nepf, H.},
  journal={Water resources research},
  volume={35},
  number={2},
  pages={479--489},
  year={1999},
  publisher={Wiley Online Library}
}

@article{angot2017asymptotic,
  title={Asymptotic modeling of transport phenomena at the interface between a fluid and a porous layer: Jump conditions},
  author={Angot, P. and Goyeau, B. and Ochoa-Tapia, J.A.},
  journal={Physical Review E},
  volume={95},
  number={6},
  pages={063302},
  year={2017},
  publisher={APS}
}

@inproceedings{caltagirone1984,
    address = {Paris},
    author = {Arquis, E. and Caltagirone, J.P.},
    booktitle = {{Comptes Rendus de l'Académie des Sciences}},
    citeulike-article-id = {3021613},
    pages = {1--4},
    posted-at = {2008-07-20 03:52:51},
    priority = {3},
    series = {{Serie II}},
    title = {{Sur les conditions hydrodynamiques au voisinage d'une interface milieu fluide-milieux poreux: application \`{a} la convection naturelle}},
    volume = {299},
    year = {1984}
}

@article{cimolin2013navier,
  title={Navier--Stokes/Forchheimer models for filtration through porous media},
  author={Cimolin, F. and Discacciati, M.},
  journal={Applied Numerical Mathematics},
  volume={72},
  pages={205--224},
  year={2013},
  publisher={Elsevier}
}

@TECHREPORT{ehrhardt2010interface,
  author = {Ehrhardt, M.},
  title = {An introduction to Fluid-Porous interface coupling},
  year = {2010},
   adsurl = {http://staff.bath.ac.uk/ensdasr/PAPERS/interfaceconditions.pdf}
}

@article{lacis2017framework,
  title={A framework for computing effective boundary conditions at the interface between free fluid and a porous medium},
  author={L{\=a}cis, U. and Bagheri, S.},
  journal={Journal of Fluid Mechanics},
  volume={812},
  pages={866--889},
  year={2017},
  publisher={Cambridge University Press}
}

@article{minale2014momentum,
  title={Momentum transfer within a porous medium. II. Stress boundary condition},
  author={Minale, M.},
  journal={Physics of Fluids},
  volume={26},
  number={12},
  pages={123102},
  year={2014},
  publisher={AIP Publishing}
}

@article{biot1956theory,
  title={Theory of propagation of elastic waves in a fluid-saturated porous solid. I. Low-frequency range},
  author={Biot, M.A.},
  journal={The Journal of the acoustical Society of america},
  volume={28},
  number={2},
  pages={168--178},
  year={1956},
  publisher={ASA}
}

@article{whitaker1986deformable,
  title={Flow in porous media III: deformable media},
  author={Whitaker, S.},
  journal={Transport in Porous Media},
  volume={1},
  number={2},
  pages={127--154},
  year={1986},
  publisher={Springer}
}

@article{wang2015volume,
  title={Volume-averaged macroscopic equation for fluid flow in moving porous media},
  author={Wang, L. and Wang, L.P. and Guo, Z. and Mi, J.},
  journal={International Journal of Heat and Mass Transfer},
  volume={82},
  pages={357--368},
  year={2015},
  publisher={Elsevier}
}

@article{irons1969aitken,
  title={A version of the Aitken accelerator for computer iteration},
  author={Irons, B.M. and Tuck, R.C.},
  journal={International Journal for Numerical Methods in Engineering},
  volume={1},
  number={3},
  pages={275--277},
  year={1969},
  publisher={Wiley Online Library}
}

@article{sivanesapillai2014transition,
  title={Transition of effective hydraulic properties from low to high Reynolds number flow in porous media},
  author={Sivanesapillai, R. and Steeb, H. and Hartmaier, A.},
  journal={Geophysical Research Letters},
  volume={41},
  number={14},
  pages={4920--4928},
  year={2014},
  publisher={Wiley Online Library}
}

@article{duda2011hydraulic,
  title={Hydraulic tortuosity in arbitrary porous media flow},
  author={Duda, A. and Koza, Z. and Matyka, M.},
  journal={Physical Review E},
  volume={84},
  number={3},
  pages={036319},
  year={2011},
  publisher={APS}
}
