%%%%%%%%%%%%%%%%%%%%%%%%%%%%%%%%%%%%%%%%%%%%%%%%%%%%%%%%%%%%%%%%%%%%%%%%%%%%%%%%%%%%
%                        CHAPTER 1
%%%%%%%%%%%%%%%%%%%%%%%%%%%%%%%%%%%%%%%%%%%%%%%%%%%%%%%%%%%%%%%%%%%%%%%%%%%%%%%%%%%%

@article{lilley1998,
  title={A study of the silent flight of the owl},
  author={Lilley, Geoffrey M},
  journal={AIAA paper},
  volume={2340},
  number={1998},
  pages={l--6},
  year={1998}
}

@article{jaworski2013aerodynamic,
  title={Aerodynamic noise from a poroelastic edge with implications for the silent flight of owls},
  author={Jaworski, Justin W and Peake, N},
  journal={Journal of Fluid Mechanics},
  volume={723},
  pages={456--479},
  year={2013},
  publisher={Cambridge University Press}
}

@article{motta2012Shark,
author = {Motta, Philip and Habegger, Maria and Lang, Amy and Hueter, Robert and Davis, Jessica},
year = {2012},
month = {10},
pages = {},
title = {Scale morphology and flexibility in the shortfin mako Isurus oxyrinchus and the blacktip shark Carcharhinus limbatus},
volume = {273},
booktitle = {Journal of morphology}
}


@article{lang2014SharkControl,
author = {Lang, Amy and T Bradshaw, Michael and A Smith, Jonathon and N Wheelus, Jennifer and Motta, Philip and Habegger, Maria and E Hueter, Robert},
year = {2014},
month = {07},
pages = {036017},
title = {Movable shark scales act as a passive dynamic micro-roughness to control flow separation},
volume = {9},
booktitle = {Bioinspiration \& Biomimetics}
}

@article {Martin2016riblets,
	author = {Martin, Samuel and Bhushan, Bharat},
	title = {Discovery of riblets in a bird beak (Rynchops) for low fluid drag},
	volume = {374},
	number = {2073},
	year = {2016},
	doi = {10.1098/rsta.2016.0134},
	publisher = {The Royal Society},
	issn = {1364-503X},
	journal = {Philosophical Transactions of the Royal Society of London A: Mathematical, Physical and Engineering Sciences}
}


@article{stratakis2009laser,
  title={Laser structuring of water-repellent biomimetic surfaces},
  author={Stratakis, Emmanuel and Zorba, Vassilia and Barberoglou, Marios and Spanakis, Emmanuel and Rhizopoulou, Sophia and Tzanetakis, Panagiotis and Anastasiadis, Spiros and Fotakis, Costas},
  journal={SPIE Newsroom},
  volume={10},
  number={2.1200901},
  pages={1441},
  year={2009}
}


@article {Oeffner785,
	author = {Oeffner, Johannes and Lauder, George V.},
	title = {The hydrodynamic function of shark skin and two biomimetic applications},
	volume = {215},
	number = {5},
	pages = {785--795},
	year = {2012},
	doi = {10.1242/jeb.063040},
	publisher = {The Company of Biologists Ltd},
	issn = {0022-0949},
	journal = {Journal of Experimental Biology}
}

@article{srygley2002unconventional,
  title={Unconventional lift-generating mechanisms in free-flying butterflies},
  author={Srygley, RB and Thomas, ALR},
  journal={Nature},
  volume={420},
  number={6916},
  pages={660},
  year={2002},
  publisher={Nature Publishing Group}
}

  	
@article{rao2017owl,
author={Chen, Rao and Teruaki, Ikeda and Toshiyuki, Nakata and Hao, Liu},
title={Owl-inspired leading-edge serrations play a crucial role in aerodynamic force production and sound suppression},
journal={Bioinspiration \& Biomimetics},
volume={12},
number={4},
pages={046008},
year={2017}
}
	
@book{bhushan2016biomimetics,
  title={Biomimetics: bioinspired hierarchical-structured surfaces for green science and technology},
  author={Bhushan, Bharat},
  year={2016},
  publisher={Springer}
}

@book{tropea2012nature,
  title={Nature-Inspired Fluid Mechanics: Results of the DFG Priority Programme 1207” Nature-inspired Fluid Mechanics” 2006-2012},
  author={Tropea, Cameron and Bleckmann, Horst},
  volume={119},
  year={2012},
  publisher={Springer Science \& Business Media}
}

@article{bottaro2014superhydrophobic,
  title={Superhydrophobic surfaces for drag reduction},
  author={Bottaro, Alessandro},
  journal={Istituto Lombardo-Accademia di Scienze e Lettere-Rendiconti di Scienze},
  volume={148},
  year={2014}
}

@book{mclean2012understanding,
  title={Understanding aerodynamics: arguing from the real physics},
  author={McLean, Doug},
  year={2012},
  publisher={John Wiley \& Sons}
}

@article{dean2010shark,
  title={Shark-skin surfaces for fluid-drag reduction in turbulent flow: a review},
  author={Dean, Brian and Bhushan, Bharat},
  journal={Philosophical Transactions of the Royal Society of London A: Mathematical, Physical and Engineering Sciences},
  volume={368},
  number={1929},
  pages={4775--4806},
  year={2010},
  publisher={The Royal Society}
}

@article{choi1993direct,
  title={Direct numerical simulation of turbulent flow over riblets},
  author={Choi, Haecheon and Moin, Parviz and Kim, John},
  journal={Journal of fluid mechanics},
  volume={255},
  pages={503--539},
  year={1993},
  publisher={Cambridge University Press}
}

@article{bechert1997experiments,
  title={Experiments on drag-reducing surfaces and their optimization with an adjustable geometry},
  author={Bechert, DW and Bruse, M and Hage, W vd and Van der Hoeven, JG Th and Hoppe, G},
  journal={Journal of fluid mechanics},
  volume={338},
  pages={59--87},
  year={1997},
  publisher={Cambridge University Press}
}

@article{luchini1991resistance,
  title={Resistance of a grooved surface to parallel flow and cross-flow},
  author={Luchini, Paolo and Manzo, Fernando and Pozzi, Amilcare},
  journal={Journal of fluid mechanics},
  volume={228},
  pages={87--109},
  year={1991},
  publisher={Cambridge University Press}
}

@article{boomsma2016direct,
  title={Direct numerical simulation of sharkskin denticles in turbulent channel flow},
  author={Boomsma, A and Sotiropoulos, F},
  journal={Physics of Fluids},
  volume={28},
  number={3},
  pages={035106},
  year={2016},
  publisher={AIP Publishing}
}

@article{garcia2011drag,
  title={Drag reduction by riblets},
  author={Garc{\'\i}a-Mayoral, Ricardo and Jim{\'e}nez, Javier},
  journal={Philosophical Transactions of the Royal Society of London A: Mathematical, Physical and Engineering Sciences},
  volume={369},
  number={1940},
  pages={1412--1427},
  year={2011},
  publisher={The Royal Society}
}

@article{itoh2006turbulent,
  title={Turbulent drag reduction by the seal fur surface},
  author={Itoh, Motoyuki and Tamano, Shinji and Iguchi, Ryo and Yokota, Kazuhiko and Akino, Norio and Hino, Ryutaro and Kubo, Shinji},
  journal={Physics of Fluids},
  volume={18},
  number={6},
  pages={065102},
  year={2006},
  publisher={AIP}
}

@article{garcia2011hydrodynamic,
  title={Hydrodynamic stability and breakdown of the viscous regime over riblets},
  author={Garc{\'\i}a-Mayoral, Ricardo and Jim{\'e}nez, Javier},
  journal={Journal of Fluid Mechanics},
  volume={678},
  pages={317--347},
  year={2011},
  publisher={Cambridge University Press}
}

@article{slegers2017beneficial,
  title={Beneficial aerodynamic effect of wing scales on the climbing flight of butterflies},
  author={Slegers, Nathan and Heilman, Michael and Cranford, Jacob and Lang, Amy and Yoder, John and Habegger, Maria Laura},
  journal={Bioinspiration \& biomimetics},
  volume={12},
  number={1},
  pages={016013},
  year={2017},
  publisher={IOP Publishing}
}

@article{bechert1997natural,
  title={Biological surfaces and their technological application—laboratory and flight experiments on drag reduction and separation control},
  author={Bechert, DW and Bruse, M and Hage, W and Meyer, R},
  journal={AIAA paper},
  volume={1960},
  year={1997}
}

