@article{chang2014simulations,
  title={Simulations of laminar and turbulent flows over periodic hills with immersed boundary method},
  author={Chang, P.H. and Liao, C.C. and Hsu, H.W. and Liu, S.H. and Lin, C.A.},
  journal={Computers \& Fluids},
  volume={92},
  pages={233--243},
  year={2014},
  publisher={Elsevier}
}

@inproceedings{breuer2005issues,
  title={Issues in hybrid LES--RANS and coarse grid LES of separated flows},
  author={Breuer, M. and Jaffr{\'e}zic, B. and {\v{S}}aric, S. and Jakirlic, S. and Deng, G. and Chikhaoui, O. and Fr{\"o}hlich, J. and von Terzi, D. and Manhart, M. and Peller, N.},
  booktitle={EUROMECH colloquium},
  volume={469},
  pages={6--8},
  year={2005}
}

@article{breuer2009flow,
  title={Flow over periodic hills--numerical and experimental study in a wide range of Reynolds numbers},
  author={Breuer, M. and Peller, N. and Rapp, C. and Manhart, M.},
  journal={Computers \& Fluids},
  volume={38},
  number={2},
  pages={433--457},
  year={2009},
  publisher={Elsevier}
}

@inproceedings{temmerman2001large,
  title={Large eddy simulation of separated flow in a streamwise periodic channel constriction},
  author={Temmerman, L. and Leschziner, M.A.},
  year={2001},
  organization={Begel House Inc.}
}

@article{almeida1993wake,
  title={Wake flows behind two-dimensional model hills},
  author={Almeida, G.P. and Durao, D.F.G. and Heitor, M.V.},
  journal={Experimental Thermal and Fluid Science},
  volume={7},
  number={1},
  pages={87--101},
  year={1993},
  publisher={Elsevier}
}

@article{peng2003transition,
  title={Transition in a 2-D lid-driven cavity flow},
  author={Yih-Ferng, P. and Yuo-Hsien, S. and Robert, H.},
  journal={Computers \& Fluids},
  volume={32},
  number={1},
  pages={337--352},
  year={2003},
  publisher={Elsevier}
}
