%%%%%%%%%%%%%%
% article 2
%%%%%%%%%%%%%

% This file was created with JabRef 2.7b.
% Encoding: UTF-8

% This file was created with JabRef 2.7b.
% Encoding: UTF-8

@TECHREPORT{dakota,
  author = {Adams, B.M. and Bauman, L.E. and Bohnhoff, W.J. and Dalbey, K.R. and Ebeida, M.S. and Eddy, J.P. and Eldred, M.S. and Hough, P.D. and Hu, K.T. and Jakeman,  J.D. and Stephens, J.A. and Swiler, L.P. and Vigil, D.M. and and Wildey, T.M.},
  title = {Dakota, A multilevel parallel object-oriented framework for design optimization, parameter estimation, uncertainty quantification, and sensitivity analysis: {V}ersion 6.0 {T}heory {M}anual},
institution = {Sandia National Laboratories, SAND2014-4253},
  year = {2014}
}

@article{lasseux_hopf,
  title={From steady to unsteady laminar flow in model porous structures: an investigation of the first {H}opf bifurcation},
  author={Agnaou, Mehrez and Lasseux, Didier and Ahmadi, Azita},
  journal={Computers \& Fluids},
  volume={136},
  pages={67--82},
  year={2016},
  publisher={Elsevier}
}

@book{openturns,
author={Baudin, Micha{\"e}l
and Dutfoy, Anne
and Iooss, Bertrand
and Popelin, Anne-Laure},
editor={Ghanem, Roger
and Higdon, David
and Owhadi, Houman},
title={OpenTURNS: An industrial software for uncertainty quantification in simulation},
bookTitle={Handbook of Uncertainty Quantification},
year={2016},
publisher={Springer International Publishing},
address={Cham},
pages={1--38},
isbn={978-3-319-11259-6},
doi={10.1007/978-3-319-11259-6_64-1},
url={http://dx.doi.org/10.1007/978-3-319-11259-6_64-1}
}

@phdthesis{brugem_phd,
  author = {Wim-Paul Breugem},
  title = {The influence of wall permeability on laminar and turbulent flows.
Theory and simulations},
school       = {Delft University of Technology, The Netherlands},
  year = {2005}
}

@article{brinkman,
  title={A calculation of the viscous force exerted by a flowing fluid on a dense swarm of particles},
  author={Brinkman, HC},
  journal={Applied Scientific Research},
  volume={1},
  number={1},
  pages={27--34},
  year={1949},
  publisher={Springer}
}

@article{carman,
    author = {Carman, P. C.},
    journal = {Transactions - Institution of Chemical Engineeres},
    pages = {150--166},
    title = {{Fluid Flow Through Granular Beds}},
    volume = {15},
    year = {1937}
}

@book{darcy,
  title={Les fontaines publiques de la ville de Dijon},
  author={Darcy, Henry},
  year={1856},
  publisher={Victor Dalmont}
}

@article{edwards1990,
  title={The influence of {R}eynolds number upon the apparent permeability of spatially periodic arrays of cylinders},
  author={Edwards, DA and Shapiro, M and Bar-Yoseph, P and Shapira, M},
  journal={Physics of Fluids A: Fluid Dynamics},
  volume={2},
  number={1},
  pages={45--55},
  year={1990},
  publisher={AIP}
}

@article{ergun,
  title={Fluid flow through randomly packed columns and fluidized beds},
  author={Ergun, Sabri and Orning, Ao Ao},
  journal={Industrial \& Engineering Chemistry},
  volume={41},
  number={6},
  pages={1179--1184},
  year={1949},
  publisher={ACS Publications}
}

@article{forchheimer,
  title={Wasserbewegung durch boden},
  author={Forchheimer, PH},
  journal={Zeitz. Ver. Duetch Ing.},
  volume={45},
  pages={1782--1788},
  year={1901}
}

@inproceedings{giunta,
  title={Overview of modern design of experiments methods for computational simulations},
  author={Giunta, Anthony A and Wojtkiewicz, Steven F and Eldred, Michael S},
  booktitle={Proceedings of the 41st AIAA aerospace sciences meeting and exhibit, AIAA-2003-0649},
  year={2003}
}

@article{hussong,
  title={A continuum model for flow induced by metachronal coordination between beating cilia},
  author={Hussong, Jeanette and Breugem, Wim-Paul and Westerweel, Jerry},
  journal={Journal of Fluid Mechanics},
  volume={684},
  pages={137--162},
  year={2011},
  publisher={Cambridge University Press}
}

@article{Kleijnen20171,
title = "Regression and Kriging metamodels with their experimental designs in simulation: A review ",
journal = "European Journal of Operational Research ",
volume = "256",
number = "1",
pages = "1 - 16",
year = "2017",
note = "",
issn = "0377-2217",
doi = "https://doi.org/10.1016/j.ejor.2016.06.041",
author = "Jack P.C. Kleijnen"
}

@article{kozeny,
  title={{\"U}ber Grundwasserbewegung},
  author={Kozeny, J},
  journal={Wasserkraft und Wasserwirtschaft},
  volume={22},
  number={5},
  pages={67--70},
  year={1927}
}

@article{lasseux,
  title={On the stationary macroscopic inertial effects for one phase flow in ordered and disordered porous media},
  author={Lasseux, Didier and Arani Abbasian, A. and Ahmadi, A.},
  journal={Physics of Fluids (1994-present)},
  volume={23},
  number={7},
  pages={073103},
  year={2011},
  publisher={AIP Publishing}
}

@article{pauthenet,
  title={Topological scaling for inertial transition in porous media},
  author={Pauthenet, M. and Davit, Y. and Quintard, M. and Bottaro, A},
  journal={submitted},
  year={2017}
}

@book{roache,
  title={Verification and validation in computational science and engineering},
  author={Roache, P.J.},
  year={1998},
  publisher={Hermosa Press, Albuquerque, NM.}
}

@article{soulaine2014,
  title={On the use of a {D}arcy--{F}orchheimer like model for a macro-scale description of turbulence in porous media and its application to structured packings},
  author={Soulaine, Cyprien and Quintard, Michel},
  journal={International Journal of Heat and Mass Transfer},
  volume={74},
  pages={88--100},
  year={2014},
  publisher={Pergamon}
}

@article{openfoam,
title={A tensorial approach to computational continuum mechanics using object-oriented techniques},
author={H. G. Weller and G. Tabor and H. Jasak and C. Fureby},
journal={Computers in Physics},
volume={12},
number={6},
year={1998},
pages={620--631}
}



@article{whitaker1996forchheimer,
  title={The {F}orchheimer equation: a theoretical development},
  author={Whitaker, Stephen},
  journal={Transport in Porous Media},
  volume={25},
  number={1},
  pages={27--61},
  year={1996},
  publisher={Springer}
}

@book{whitaker2013method,
  title={The {M}ethod of {V}olume {A}veraging},
  author={Whitaker, Stephen},
  volume={13},
  year={2013},
  publisher={Springer Science \& Business Media}
}

@article{yazdchi2011,
  title={Microstructural effects on the permeability of periodic fibrous porous media},
  author={Yazdchi, K and Srivastava, S and Luding, S},
  journal={International Journal of Multiphase Flow},
  volume={37},
  number={8},
  pages={956--966},
  year={2011},
  publisher={Pergamon}
}

@ARTICLE{zampogna,
   author = {{Zampogna}, G.~A. and {Bottaro}, A.},
    title = {Fluid flow over and through a regular bundle of rigid fibres},
  journal = {Journal of Fluid Mechanics},
     year = 2016,
   volume = 792,
    pages = {5-35},
      doi = {10.1017/jfm.2016.66},
   adsurl = {http://adsabs.harvard.edu/abs/2016JFM...792....5Z},
  adsnote = {Provided by the SAO/NASA Astrophysics Data System}
}





%%%%%%%%%%%%%%%%%%%%% NOT USED REFERENCES %%%%%%%%%%%%%%%%%%%%%%%%%%

@article{prosperetti3d,
  title={Pressure-driven flow in a channel with porous walls},
  author={Liu, Qianlong and Prosperetti, Andrea},
  journal={Journal of fluid mechanics},
  volume={679},
  pages={77--100},
  year={2011},
  publisher={Cambridge University Press}
}

@article{prosperetti2d,
  title={Pressure-driven flow in a two-dimensional channel with porous walls},
  author={Zhang, Quan and Prosperetti, Andrea},
  journal={Journal of Fluid Mechanics},
  volume={631},
  pages={1--21},
  year={2009},
  publisher={Cambridge University Press}
}

@inproceedings{ugis,
  title={A computational continuum model of poroelastic beds},
  author={L{\=a}cis, UÇ§is and Zampogna, Giuseppe Antonio and Bagheri, Shervin},
  booktitle={Proc. R. Soc. A},
  volume={473},
  number={2199},
  pages={20160932},
  year={2017},
  organization={The Royal Society}
}

@article{matplotlib,
  Author    = {Hunter, J. D.},
  Title     = {Matplotlib: A 2D graphics environment},
  Journal   = {Computing In Science \& Engineering},
  Volume    = {9},
  Number    = {3},
  Pages     = {90--95},
  publisher = {IEEE COMPUTER SOC},
  doi = {10.1109/MCSE.2007.55},
  year      = {2007}
}

@TECHREPORT{joel,
  author = {Joel Guerrero},
  title = {Introductory OpenFOAM course-training: vortex-shedding exercise.},
  year = {2016}
}

@article{choi,
  title={Numerical solutions of flow past a circular cylinder at Reynolds numbers up to 160},
  author={Park, Jeongyoung and Kwon, Kiyoung and Choi, Haecheon},
  journal={KSME international Journal},
  volume={12},
  number={6},
  pages={1200--1205},
  year={1998},
  publisher={Springer}
}

@article{placzek,
  title={Numerical simulation of an oscillating cylinder in a cross-flow at low {R}eynolds number: forced and free oscillations},
  author={Placzek, Antoine and Sigrist, Jean-Francois and Hamdouni, Aziz},
  journal={Computers \& Fluids},
  volume={38},
  number={1},
  pages={80--100},
  year={2009},
  publisher={Elsevier}
}

@article{shiels,
  title={Flow-induced vibration of a circular cylinder at limiting structural parameters},
  author={Shiels, D and Leonard, A and Roshko, A},
  journal={Journal of Fluids and Structures},
  volume={15},
  number={1},
  pages={3--21},
  year={2001},
  publisher={Elsevier}
}


@ARTICLE{barba,
   author = {{Mesnard}, O. and {Barba}, L.~A.},
    title = "{Reproducible and replicable CFD: it's harder than you think}",
  journal = {ArXiv e-prints},
archivePrefix = "arXiv",
   eprint = {1605.04339},
 primaryClass = "physics.comp-ph",
 keywords = {Physics - Computational Physics},
     year = 2016,
    month = may,
   adsurl = {http://adsabs.harvard.edu/abs/2016arXiv160504339M},
  adsnote = {Provided by the SAO/NASA Astrophysics Data System}
}

@article{por_sph,
  title={Inertial flow structures in a simple-packed bed of spheres},
  author={Suekane, Tetsuya and Yokouchi, Yasuo and Hirai, Shuichiro},
  journal={AIChE journal},
  volume={49},
  number={1},
  pages={10--17},
  year={2003},
  publisher={Wiley Online Library}
}

@article{por_sph_random,
  title={A comparison of measured and modeled velocity fields for a laminar flow in a porous medium},
  author={Wood, BD and Apte, SV and Liburdy, JA and Ziazi, RM and He, X and Finn, JR and Patil, VA},
  journal={Advances in Water Resources},
  volume={85},
  pages={45--63},
  year={2015},
  publisher={Elsevier}
}

@article{penha2011computing,
  title={Computing the apparent permeability of an array of staggered square rods using volume-penalization},
  author={Penha, DJ Lopez and Geurts, Bernardus J and Stolz, S and Nordlund, M},
  journal={Computers \& Fluids},
  volume={51},
  number={1},
  pages={157--173},
  year={2011},
  publisher={Elsevier}
}

@article{firdaouss1997nonlinear,
  title={Nonlinear corrections to Darcy's law at low Reynolds numbers},
  author={Firdaouss, Mouaouia and Guermond, Jean-Luc and Le Qu{\'e}r{\'e}, Patrick},
  journal={Journal of Fluid Mechanics},
  volume={343},
  pages={331--350},
  year={1997},
  publisher={Cambridge University Press}
}


